3142 5100
117 400 141 465 1.
157 419 186 483 3,
201 402 248 486 4]
392 415 434 467 nu
459 416 510 468 ur.
533 416 585 467 an
607 416 982 470 anassmomcnusas
1005 416 1043 469 11.
1282 419 1324 484 43

113 585 275 668 quoniam
285 587 420 671 gratias
438 608 534 671 agere
552 587 706 667 debentes,
723 589 819 672 quasi
839 588 895 672 qui
916 597 951 652 et
967 588 1109 653 incusari
1129 586 1174 652 sit
1194 581 1325 670 dignus,

112 690 140 750 si
155 708 226 752 non
243 691 396 755 debitum
411 691 565 755 redderet
579 711 640 774 pro
656 691 728 766 illis,
744 712 806 775 pro
822 691 943 774 quibus
958 701 992 756 et
1007 692 1132 756 debent
1143 694 1325 776 gratiarum

112 791 292 869 actionem,
303 813 343 856 eo
353 795 443 876 quod
460 803 494 858 et
510 795 691 858 necessarie
706 793 829 857 debere
845 792 938 857 illam
949 793 1110 858 uideatur.
1133 802 1168 858 et
1183 794 1327 874 adiectio

112 904 162 959 est
189 897 368 980 perspicua
391 918 493 981 quam
520 898 643 962 adiecit
664 897 779 961 dicens
803 896 889 960 sicut
912 895 1050 979 dignum
1072 905 1144 972 est,·
1178 896 1268 980 quod
1291 905 1327 960 et

111 996 225 1078 ipsum
258 1008 478 1081 augmentum
508 998 611 1064 habet
639 999 820 1081 gratiarum
858 1000 1009 1075 actionis,
1039 999 1204 1081 siquidem
1245 998 1326 1063 talia
1363 1002 1379 1070 5

109 1111 189 1165 sunt
213 1121 302 1184 quae
325 1104 509 1167 secundum
527 1122 585 1166 eos
605 1112 693 1180 sunt,
712 1111 751 1166 ut
772 1102 859 1165 iuste
882 1102 957 1165 Deo
980 1123 1042 1186 pro
1061 1101 1125 1164 illis
1143 1102 1324 1183 gratiarum

110 1203 201 1266 actio
227 1203 398 1270 reseratur.
444 1204 533 1268 unde
562 1204 743 1269 ostendens
768 1204 848 1287 quia
878 1204 948 1267 iure
974 1203 1039 1267 ista
1057 1203 1148 1281 dicit,
1173 1223 1214 1267 eo
1233 1202 1325 1285 quod

110 1325 238 1390 magna
253 1316 350 1372 erant
365 1308 422 1373 illa
437 1328 523 1393 quae
538 1307 721 1372 secundum
737 1328 795 1371 eos
810 1315 913 1382 erant,
930 1308 1000 1372 ait:

174 1477 336 1559 quoniam
360 1478 563 1561 supercrescit
574 1477 664 1562 fides
688 1488 808 1557 uestra,
835 1488 867 1542 ct
893 1479 1041 1544 abundat
1063 1479 1187 1544 caritas
1211 1478 1324 1544 unius·

109 1581 266 1664 cuiusque
279 1583 425 1645 omnium
440 1592 584 1646 uestrum
600 1582 634 1646 in
649 1583 856 1648 alterutrum.
1341 1605 1381 1654 10

176 1720 305 1783 etenim
328 1741 388 1802 per
406 1720 519 1785 omnia
541 1719 690 1784 ostendit
710 1722 870 1804 quoniam
895 1742 1018 1805 magna
1041 1730 1137 1786 erant
1159 1720 1215 1786 illa
1239 1742 1325 1805 quae

110 1821 300 1884 secundum
316 1842 373 1884 eos
390 1831 491 1899 erant,
508 1843 553 1886 ex
574 1822 694 1906 quibus
715 1822 805 1887 dixit
828 1822 929 1887 fidem
951 1843 1066 1887 eorum
1087 1844 1217 1906 augere,
1234 1824 1325 1908 quod

108 1922 283 1986 habebant
299 1922 424 2005 aliquid
440 1923 584 2008 amplius
601 1945 622 1988 a
643 1924 824 2002 firmitate3
848 1923 986 1987 firmitas
1007 1925 1097 1988 enim
1116 1925 1182 1986 dici
1203 1933 1325 2006 potest,

111 2025 175 2087 etsi
206 2027 242 2088 in
273 2025 393 2089 eodem
430 2035 520 2090 statu
558 2036 704 2090 maneat.
750 2045 830 2089 nam
868 2026 957 2108 quod
995 2024 1084 2088 dixit
1120 2025 1323 2107 supercreuit,

110 2128 263 2192 ostendit
289 2129 379 2211 quod
407 2137 441 2193 et
464 2130 498 2192 in
525 2131 597 2213 ipsa
621 2128 687 2192 fide
711 2137 930 2211 augmentum
956 2130 1178 2211 sumpserint3
1210 2140 1245 2195 et
1269 2132 1323 2195 ‘in
1342 2149 1377 2218 ις

110 2231 311 2295 alterutrum
337 2233 510 2296 caritatem
540 2252 655 2296 eorum
680 2230 868 2296 abundare’
895 2231 1017 2310 dicens,
1042 2235 1133 2318 quod
1156 2244 1190 2300 et
1215 2236 1324 2320 ipsum

110 2333 262 2397 ostendit
290 2332 323 2396 in
354 2334 426 2397 dies
452 2334 602 2417 singulos
632 2334 805 2398 meliorem
835 2331 967 2396 illorum
998 2333 1099 2398 fuisse
1128 2336 1325 2418 proiectum.

108 2435 200 2517 quod
218 2436 321 2499 etiam
337 2437 444 2499 maius
460 2437 612 2500 adserere
626 2437 763 2519 cupiens
781 2435 888 2499 dixit:
910 2435 1160 2518 uniuscuiusque
1179 2438 1325 2502 omnium

110 2545 259 2600 uestrum
286 2538 321 2601 in
345 2538 564 2614 alterutrum
600 2559 716 2602 omnes
741 2537 830 2602 enim
856 2536 1008 2602 similiter
1027 2537 1116 2601 dixit
1138 2538 1222 2603 tales
1243 2561 1324 2605 esse.

111 2645 146 2700 et
160 2658 250 2722 quae
265 2648 318 2702 est
333 2640 427 2703 istius
443 2642 488 2704 rei
506 2639 683 2725 probatio?
891 2636 893 2638 ’
1339 2671 1382 2719 20

176 2793 229 2856 ita
242 2804 282 2857 ut
295 2815 352 2858 nos
367 2795 431 2879 ipsi
443 2795 478 2860 in
493 2796 584 2861 uobis
593 2795 777 2881 glorzimur
799 2794 835 2858 in
854 2793 991 2859 ccclesizs
1005 2793 1079 2872 Dei,
1091 2778 1155 2877 pro
1161 2795 1325 2878 patisntia

160 3016 174 3051 2
193 3016 242 3066 pro
250 3000 342 3066 quibus
352 3001 427 3052 debet
441 3002 546 3067 C(corr)
672 3014 687 3064 3
705 3006 731 3051 et
742 2997 795 3064 (bes
799 2998 904 3059 necess.)
915 3014 954 3050 om
968 2998 1075 3060 etcorr)
1088 3015 1105 3049 r
1218 3013 1232 3064 5
1249 3000 1325 3051 habet

109 3090 173 3145 grat.
185 3098 227 3131 om
239 3099 256 3129 r
343 3094 356 3145 7
374 3083 448 3132 ualde
460 3083 516 3147 (for
525 3084 601 3144 unde)
614 3083 647 3132 H
656 3081 661 3147 Ι
674 3097 706 3132 eo
717 3088 741 3131 et
753 3080 823 3146 quod
833 3097 850 3129 r
940 3081 955 3129 8
974 3089 1045 3129 emnt
1057 3096 1073 3128 r
1166 3095 1197 3131 to
1213 3083 1324 3132 omnium

109 3179 148 3211 om
159 3164 197 3212 H
293 3178 320 3213 11
338 3179 415 3228 quon.
426 3180 517 3229 magna
527 3181 563 3214 er.
574 3181 613 3214 om
626 3164 662 3215 θ’
765 3178 794 3227 ¹4
811 3161 832 3211 si
844 3161 901 3225 (sor
910 3160 965 3225 etsi)
981 3162 1003 3211 C
1013 3160 1087 3224 (corr)
1199 3175 1227 3224 15
1240 3163 1265 3211 in
1278 3164 1332 3227 (bes

110 3243 176 3308 ipsa)
188 3260 229 3293 om
240 3245 275 3294 H
366 3256 394 3306 17
406 3246 536 3296 meliorum
550 3246 586 3297 C*
687 3246 716 3296 18
731 3244 795 3294 dicit
804 3243 838 3291 H
847 3242 852 3307 Ι
865 3249 975 3293 uestrum
986 3259 1055 3293 omn.
1066 3259 1084 3293 r
1180 3259 1209 3294 21
1228 3244 1324 3295 domini

108 3325 168 3388 (jor
176 3325 230 3386 dei)
242 3341 260 3374 r

146 3537 169 3571 1.
207 3519 441 3587 ‘debcmm,’quasi
465 3522 517 3587 qui,
547 3520 606 3584 &c.]
645 3520 695 3571 See
746 3516 946 3568 “ininuicem.'’

111 3601 206 3659 beton,
227 3617 250 3652 c.
273 3602 300 3651 ii.
323 3618 361 3666 13.
379 3603 488 3667 Thpht:
512 3604 541 3653 τὸ
557 3603 608 3665 γὰρ
630 3598 695 3663 ἄξιον
780 3613 818 3663 13.
852 3597 1116 3663 ampliusafirmitate]
1134 3598 1174 3650 cf.
1194 3608 1213 3649 1.
1233 3617 1259 3666 p.
1281 3616 1320 3665 32,

111 3683 228 3743 γίνεσθαι
254 3684 375 3741 ποιοῦμεν
410 3683 446 3730 διὸ
473 3683 512 3730 καὶ
540 3680 641 3742 ὀφειλὴν
666 3681 694 3729 τὸ
744 3681 763 3730 l.
775 3678 799 3741 6,
813 3686 882 3729 note.

112 3764 221 3825 πρᾶγμα
250 3763 378 3820 ὠνόμασεν.
414 3764 525 3820 Deberi&
552 3763 596 3812 the
623 3776 695 3811 sense
779 3777 819 3824 14.
851 3760 1011 3825 mpercrmzt]
1028 3761 1091 3810 This
1101 3762 1199 3827 change
1213 3763 1243 3813 of
1253 3769 1323 3814 tense

112 3860 198 3895 seems
214 3843 307 3894 almost
317 3854 344 3894 to
361 3845 459 3909 require
477 3844 542 3894 debet
553 3842 607 3907 (the
617 3843 687 3894 read·
744 3843 767 3894 is
786 3845 933 3909 apparently
949 3860 964 3894 a
981 3845 1030 3909 slip
1047 3860 1080 3894 on
1098 3845 1141 3894 the
1158 3853 1213 3910 part
1230 3845 1260 3895 of
1272 3847 1322 3896 Th.

111 3926 159 3991 ing
171 3925 201 3976 of
217 3926 239 3975 C
247 3926 349 3987 (cond),
363 3941 392 3975 or
403 3927 510 3991 perhaps
522 3926 609 3976 debeat.
745 3925 853 3975 himself.
884 3925 970 3989 Chrys
982 3925 1042 3974 calls
1054 3925 1176 3974 attention
1188 3933 1215 3975 to
1226 3926 1268 3976 the
1279 3942 1323 3976 use

148 4003 174 4055 6.
207 4007 271 4055 iuste
291 4007 351 4069 Deo,
370 4006 427 4069 δια]
469 4007 531 4056 This
549 4006 695 4071 interpreta-
745 4003 776 4053 of
784 4004 826 4054 the
835 4006 977 4068 compound
987 4004 1048 4053 verb
1057 4001 1109 4063 (uir
1120 4005 1186 4053 εἴπεν
1196 4006 1321 4065 αὐξάνει,

113 4087 171 4137 tion
181 4087 212 4137 oi
225 4089 303 4138 καθὼς
320 4086 389 4148 ἄξιον
402 4087 528 4137 isoffered
541 4088 575 4151 by
586 4087 648 4137 Oec.
667 4102 695 4137 as
746 4084 812 4144 ἀλλ’,
823 4085 1322 4158 trepidaverants00ec.,T11pht.;

114 4170 161 4219 the
176 4169 269 4218 former
291 4168 321 4219 of
336 4177 387 4219 two
405 4169 578 4219 alternativesr
606 4165 632 4228 ἤ,
658 4169 696 4218 ὅτι
745 4167 795 4218 Th.
809 4167 860 4217 and
871 4167 949 4217 Thdt.
962 4167 1005 4217 fail
1017 4174 1044 4217 to
1055 4168 1138 4217 notice
1149 4167 1176 4216 it.

116 4249 213 4314 (φησὶν)
225 4247 316 4299 δίκαιόν
330 4253 398 4299 ἐστιν
416 4252 517 4310 νοήσεις·
534 4247 593 4308 vird
609 4250 695 4312 μεγά·
782 4264 819 4314 ¹9·
855 4264 938 4298 omnes
958 4250 1023 4299 enim
1045 4248 1169 4307 similiter,
1194 4247 1252 4310 do]
1280 4249 1322 4298 Cf.

115 4334 172 4381 λως
190 4331 356 4390 remmio,
375 4331 414 4379 ira
432 4328 455 4392 ἦ·
479 4331 600 4392 μεγάλως,
619 4331 697 4380 καθὼς
746 4328 850 4391 Chrys:
868 4329 964 4391 raldpu
977 4329 1085 4390 ἀγάπην·
1110 4329 1138 4377 οὐ
1154 4329 1196 4377 τὸν
1207 4329 1251 4387 μὲν
1262 4329 1323 4390 ind·

115 4411 486 4474 ἇξιωτῷμεγάλαηρόχοηι.
746 4426 807 4471 πων,
824 4411 867 4460 τὸν
884 4411 911 4460 δὲ
928 4412 965 4460 οὔ·
990 4408 1047 4459 ἀλλ’
1070 4411 1112 4470 ἴση
1128 4408 1160 4470 ἦν
1178 4413 1246 4473 παρὰ
1262 4412 1323 4462 πάν·

153 4506 191 4543 ιο.
225 4493 254 4541 in
272 4492 433 4555 alterutrum]
461 4490 493 4543 Ο.
508 4493 538 4543 L.
552 4492 696 4557 anqulg.,
747 4507 804 4543 ror.
