3142 5100
116 406 157 475 ΙΙ.
172 423 203 490 9,
221 403 285 490 ro]
388 415 431 469 ru
455 417 507 469 ar.
530 417 582 468 no
604 412 980 468 rnrassmomcausss
1003 413 1042 466 n.
1281 409 1321 479 57

114 588 174 652 hoc
198 598 260 667 est,
290 606 376 652 uoce
390 605 399 666 3
433 609 477 651 ex
507 586 573 651 illis
603 608 689 671 quae
713 585 803 670 apud
829 605 890 649 nos
915 593 993 648 sunt
1017 602 1152 649 sumens
1180 582 1263 647 illud
1289 591 1324 647 et

114 690 233 766 dicens,
258 688 413 772 eoquod
436 710 497 752 nos
517 690 633 771 spiritu
655 698 857 773 cooperante
872 688 1041 752 abutimur
1056 688 1099 750 ad
1115 686 1324 751 articulatam

115 790 314 877 loquelam*

176 915 265 978 quae
280 893 467 957 secundum
484 893 577 957 illum
593 902 679 973 sunt,
695 892 817 957 referre
833 893 969 976 incipit:

175 1043 271 1107 euius
285 1053 336 1107 est
348 1044 509 1108 aduentus
522 1045 693 1108 secundnm
710 1044 957 1130 inoperationem
975 1046 1131 1111 Satanae.
1363 1060 1379 1128 5

176 1162 242 1227 hoc
271 1172 349 1226 est:
387 1163 580 1246 ‘adparebit
616 1148 672 1228 ille
710 1163 839 1233 Satana
869 1166 932 1229 sibi
968 1165 1165 1247 inoperante
1197 1158 1326 1227 omnia?

113 1270 236 1335 deinde
252 1270 360 1335 adicit
374 1277 408 1333 et
423 1267 503 1352 quid
520 1267 601 1332 iilud
617 1280 774 1351 operatur
789 1271 823 1333 in
840 1290 880 1333 eo
896 1293 903 1333 :

177 1421 213 1485 in
228 1422 325 1487 mnni
338 1422 460 1486 uirtute
473 1431 505 1485 et
516 1420 623 1504 signis
636 1431 667 1486 et
673 1423 839 1507 prodigiis
853 1421 1066 1487 mendacibus.

179 1543 310 1607 ‘multa
330 1542 463 1626 (inquit)
487 1553 521 1608 et
541 1563 665 1627 magna
686 1546 782 1627 signa
801 1564 935 1628 quoque
956 1554 991 1609 et
1013 1542 1167 1628 prodigia
1188 1543 1329 1607 demon·

115 1646 234 1711 strabit
264 1667 329 1730 per
357 1646 454 1709 eum!
498 1648 585 1710 bene
615 1659 729 1712 autem
759 1647 862 1712 adicit
898 1645 1110 1722 mendacibus,
1149 1644 1329 1709 ostendens
1346 1653 1385 1702 10

116 1753 275 1838 quoniam
301 1753 335 1815 in
359 1752 595 1834 phantasmate
621 1753 729 1835 magis
755 1771 857 1836 quam
882 1750 916 1815 in
941 1773 1041 1835 opere
1066 1750 1146 1815 facit
1170 1769 1218 1814 ea.
1262 1768 1330 1832 qua

117 1865 229 1919 autem
245 1855 379 1919 ratione
394 1855 459 1918 hoc
474 1854 653 1939 operatur?
1295 1874 1298 1881 ·

180 2017 212 2070 et
226 2008 263 2071 in
278 2005 372 2070 omni
383 2005 561 2071 seductione
575 2005 756 2071 iniustitiae
772 2006 807 2070 in
821 2005 875 2070 leis
888 2006 948 2090 qni
952 2017 1096 2090 permut.

183 2136 221 2190 ut
240 2147 345 2190 omne
365 2127 522 2210 quicquid
547 2126 707 2189 iniustitia
730 2124 867 2207 plenum
887 2134 938 2190 est
960 2136 1122 2209 operetur,
1141 2128 1331 2201 etseducat

119 2230 248 2314 eosqui
272 2230 464 2313 perditione
483 2230 577 2312 digni
598 2239 684 2292 sunt
729 2229 777 2291 sic
797 2237 911 2292 autem
928 2239 1027 2293 uocat
1046 2250 1112 2307 eos,
1128 2230 1184 2313 qui
1207 2241 1285 2296 sunt
1301 2232 1330 2295 ei
1348 2250 1384 2318 15

119 2333 324 2417 adponendi.

121 2508 273 2571 (τονιαῖον
305 2503 407 2581 uiros,
439 2500 511 2570 ἀντὶ
539 2505 599 2569 τοῦ
627 2505 685 2588 ’τῇ
715 2503 821 2588 &mviii
853 2499 920 2568 ἀπὸ
946 2503 1005 2568 τοῦ
1033 2498 1114 2590 παρ’
1143 2499 1221 2586 ἡμῖν
1250 2499 1331 2569 αὐτὸ

121 2608 264 2695 εἰρηκώς,
290 2605 400 2690 ἐπειδὴ
424 2605 515 2693 ἡμεῖς
534 2610 581 2695 τῷ
602 2608 767 2692 πνεύματι
789 2605 936 2695 συνεργῷ
958 2607 1146 2695 κεχρήμεθα
1167 2608 1247 2695 πρὸς
1273 2607 1332 2691 τὴν

122 2714 279 2804 ἔναρθρον
292 2709 423 2779 λαλιάν.

170 2899 184 2933 a
201 2882 320 2948 spiritum
335 2888 485 2946 cooperante
499 2881 522 2931 C
653 2880 670 2931 6
689 2882 726 2933 illi
742 2883 837 2933 satana
851 2882 899 2932 sibi
913 2882 979 2932 CH
1010 2881 1047 2932 illi
1064 2883 1169 2934 Satanas
1183 2883 1231 2932 sibi
1244 2900 1276 2933 r:
1293 2890 1334 2933 txt

123 2964 183 3028 conj.
195 2964 288 3028 Jinobi
396 2975 409 3026 7
426 2963 470 3012 iile
482 2960 620 3027 (sorillud)
632 2979 648 3011 r
751 2978 767 3028 9
785 2971 811 3013 et
822 2964 937 3029 prodigia
947 2980 986 3013 om
998 2965 1031 3013 H
1141 2980 1171 3027 14
1187 2972 1215 3014 ut
1226 2981 1331 3018 omne...

124 3046 192 3110 digni
203 3053 342 3096 suntomr
447 3042 477 3094 16
493 3044 634 3111 accipiendi
647 3043 868 3112 (forapponendi)
880 3062 897 3095 r

126 3209 205 3273 (τοῦτό
222 3211 335 3260 ἐστιντὸ
354 3211 395 3258 καὶ
406 3205 532 3270 ’πνεύματι
549 3212 588 3261 διὰ
602 3211 706 3273 χειλέων
753 3210 888 3260 dictasint
909 3212 996 3274 'signa
1015 3218 1039 3260 et
1057 3210 1173 3275 prodigia
1191 3211 1334 3272 mendacii,'

124 3291 205 3343 ἀνελεῖ
218 3290 318 3357 ἅσεβῆ,’
338 3295 399 3356 ὅπερ
413 3291 521 3344 Ἡσαΐας
538 3293 635 3358 φησιν);
653 3295 705 3344 and
754 3291 873 3355 quoniam
880 3292 999 3341 mortales
1007 3307 1093 3342 sensus
1104 3308 1148 3357 per
1159 3293 1335 3358 phantasmata

127 3387 155 3422 so
171 3373 259 3423 Sedul.
275 3373 344 3422 Scot.
380 3371 420 3422 Cf.
436 3373 514 3424 Thdt.
531 3374 561 3423 in
572 3375 634 3423 Era.
647 3373 704 3422 l.c.:
753 3373 903 3438 decepturus
914 3380 1016 3424 est...an
1027 3375 1087 3440 quia
1100 3375 1144 3425 iila
1162 3376 1222 3441 ipsa,
1237 3378 1336 3428 etiamsi

129 3452 209 3518 ἢτιρὶ
219 3456 264 3504 τοῦ
276 3451 432 3516 ιῖντιχρίστον
443 3456 526 3517 φησίν.
754 3461 827 3503 erunt
844 3469 904 3503 uera
920 3453 1042 3519 prodigia,
1060 3457 1092 3504 ad
1110 3457 1267 3508 mendacium
1279 3476 1334 3524 per·

158 3534 183 3585 6.
215 3536 346 3601 adparebat
368 3537 419 3596 itte,
444 3536 503 3599 διο]
547 3536 589 3586 cf.
615 3536 706 3588 Thon:
755 3533 989 3600 trahent...propter
1008 3536 1068 3601 quid
1082 3537 1171 3588 horum
1189 3555 1248 3604 ergo
1267 3542 1335 3592 dicta

128 3612 249 3679 ἄνθρωπος
261 3617 327 3678 ἔχων
342 3616 386 3665 τὸν
400 3615 515 3665 Σατανᾶν
533 3618 560 3666 ἐν
578 3612 658 3679 ἑαυτῷ
676 3615 706 3664 δι’
754 3616 804 3665 sint
831 3615 947 3681 prodigia
975 3624 1001 3667 et
1029 3617 1101 3681 signa
1124 3621 1248 3670 mendacii
1276 3630 1335 3672 tunc

129 3700 200 3748 οἰσιΰ
209 3700 362 3762 ἐνεργοῦντα.
755 3698 838 3762 potius
860 3695 1018 3762 apparebit.”
1052 3699 1103 3749 For
1118 3701 1272 3764 phantasma
1294 3720 1336 3755 see

163 3794 200 3829 ιι.
233 3780 263 3829 in
281 3778 458 3843 phantasmate
478 3779 558 3843 magis
578 3795 655 3844 quam
677 3780 707 3829 in
757 3780 867 3841 Ronsch,
879 3782 956 3841 Itala,
970 3798 994 3846 p.
1009 3799 1064 3845 244.

130 3859 176 3923 op]
192 3860 328 3912 sostrata
346 3860 452 3910 διδάσκει
467 3861 495 3910 δὲ
510 3860 540 3911 ὡς
554 3861 588 3910 τὰ
605 3861 707 3918 ἐσόμενα
792 3877 828 3926 13.
865 3864 1014 3926 iniustitiae]
1048 3865 1083 3914 So
1095 3865 1163 3916 Tert.
1169 3884 1177 3928 ;
1195 3867 1228 3918 O.
1241 3869 1270 3920 L.
1285 3871 1336 3921 and

132 3944 177 3994 οὖν
192 3941 289 4005 ἀληθῆ
306 3944 425 4002 θαύματα
465 3942 527 3991 And
541 3943 642 4007 Jerome
659 3942 703 4006 (ep.
756 3943 844 4008 Vulg„
858 3943 1046 4009 “iniquitatis”
1080 3946 1111 3997 In
1124 3964 1148 3996 v.
1163 3965 1191 4012 ¹3
1203 3950 1338 4014 iniquitati

135 4024 201 4091 ταὼ
220 4027 283 4077 “ita
293 4033 318 4075 et
329 4025 356 4074 in
368 4024 524 4074 Antichristo
535 4040 623 4076 omnes
634 4033 706 4075 erunt
756 4041 863 4089 appears
879 4025 904 4074 in
917 4026 959 4075 the
971 4033 1029 4087 text,
1044 4027 1089 4076 but
1102 4028 1236 4086 iniustitia,
1253 4030 1273 4079 it
1284 4032 1336 4083 will

133 4104 287 4158 fortitudines
314 4113 340 4156 et
367 4106 438 4170 signa
465 4115 490 4156 et
513 4106 635 4170 prodigia,
663 4106 708 4155 sed
756 4108 789 4156 be
801 4107 929 4168 observ-ed,
944 4107 1018 4158 holds
1029 4109 1060 4158 its
1071 4111 1167 4173 ground
1178 4110 1205 4160 iu
1217 4111 1259 4162 the
1268 4129 1336 4163 com-

134 4189 272 4240 universa
285 4185 473 4238 mendacia.'’
507 4187 596 4252 Chrys,
615 4195 708 4237 cannot
757 4198 834 4238 ment.

135 4272 229 4322 decide:
244 4268 300 4332 ἤτοι
311 4271 488 4334 διεψευσμένοι
500 4269 542 4335 (he
550 4273 708 4332 commento),
794 4285 831 4333 15·
873 4270 920 4335 qni
934 4271 1073 4334 perditione
1089 4273 1162 4337 degni
1175 4275 1248 4337 sunt]
1285 4278 1336 4330 Le.

136 4349 150 4410 ἢ
174 4355 206 4403 ιιι
232 4354 320 4415 ψεῦδος
342 4352 452 4412 ἄγουσιν.
487 4352 628 4416 Augttstine
655 4354 709 4402 also
758 4350 1192 4412 οἱᾰτολλνμενοιεοῑτῆςᾶαωλεὶαι
1207 4359 1337 4420 ἠξιωμένα.

135 4432 212 4486 laves
228 4436 272 4486 the
291 4433 407 4499 quostion
430 4448 496 4497 open
519 4432 557 4497 (de
571 4433 640 4484 cinit.
660 4435 711 4484 Dei
759 4433 840 4497 Aug.:
873 4433 1138 4499 “seducentur...qui
1157 4437 1242 4487 seduci
1261 4455 1338 4492 mere-

137 4525 232 4584 tut-19:
253 4516 347 4567 “solet
366 4513 460 4579 ambigi
474 4522 557 4564 utrum
578 4521 710 4580 propterea
758 4510 876 4565 buntur.”
900 4512 994 4578 Thpht.
1007 4513 1079 4575 (atter
1097 4514 1212 4581 Chrys.):
1229 4520 1283 4569 olet
1299 4525 1340 4572 nat
