3142 5100
125 406 358 483 FRAGMENTS
381 432 429 484 OF
451 433 529 484 THE
552 433 750 487 DOGMATIC
771 434 907 488 WORKS
930 436 978 487 OF
1000 435 1214 490 THEODORE.
1248 433 1308 504 335

95 602 241 664 omnibus
262 604 411 681 existeret,
428 608 538 686 Moyse
562 607 632 670 dico
655 618 685 671 et
705 607 860 688 prophetis
884 608 1098 687 apostolisque,
1117 608 1167 669 uel
1190 604 1312 685 reliquis

95 701 239 763 omnibus
256 704 295 765 de
314 703 421 782 quibus
438 705 479 768 ait
499 705 690 768 beatissimus
710 709 822 768 Paulus
846 709 949 784 quibus
968 709 1073 784 dignus
1086 725 1143 766 nan
1156 707 1220 765 erat
1232 723 1311 764 mun-

95 800 195 870 dus*,·
215 801 259 861 ita
271 814 313 876 ut,
329 803 386 864 illis
401 804 535 880 mortuis,
551 805 617 884 ipse
631 810 712 868 solus
727 805 792 867 sine
808 806 911 867 mortis
930 804 1112 884 experientia
1129 805 1309 883 perduraret.

97 899 153 958 sed
180 897 241 958 iam
264 901 303 961 ab
327 900 414 962 initio
436 902 494 964 hoc
517 906 601 965 Deus
629 903 733 966 habuit
761 905 844 981 apud
872 923 904 965 se
933 902 1097 978 definitum,
1123 913 1156 964 ut
1182 902 1311 981 primum

96 996 223 1074 quidem
245 1001 385 1061 mortales
404 1003 518 1076 fierent,
539 1004 736 1080 postmodum
755 1022 829 1064 uero
850 1002 1063 1064 inmortalitate
1081 1003 1252 1082 gauderent,
1268 999 1311 1060 sic
1345 1015 1361 1076 5

97 1096 139 1155 ad
153 1095 313 1157 utilitatem
326 1109 458 1158 nostram
473 1099 535 1160 fieri
549 1099 613 1180 ipse
628 1100 801 1178 disponens.
888 1101 907 1138 ὖ
990 1100 1008 1133 ⁴*
1091 1100 1109 1133 ⁴*
1191 1100 1210 1137 *
1292 1098 1311 1134 ¹⁵

97 1193 284 1256 manifestius
301 1197 375 1259 haec
392 1199 498 1260 eadem
516 1202 601 1260 Deus
618 1198 758 1272 ostendit,
775 1219 844 1260 curn
863 1202 1000 1261 transfert
1022 1201 1127 1261 Enoch
1151 1210 1182 1262 et
1202 1198 1311 1260 inmor-

98 1291 192 1353 talem
212 1292 284 1355 sacit
304 1316 374 1356 nam
393 1296 417 1358 si
433 1317 487 1376 per
503 1310 661 1377 peccatum
682 1318 772 1359 causa
792 1299 931 1377 supplicii
951 1302 1035 1360 Deus
1056 1297 1155 1359 intulit
1175 1308 1310 1376 mortem,

99 1411 158 1453 nec
180 1393 253 1453 olim
276 1395 432 1456 definitum
454 1397 514 1457 hoc
531 1396 636 1458 habuit
659 1398 741 1475 apud
766 1417 809 1471 se,
835 1397 1022 1459 ineffabiliter
1044 1417 1100 1475 pro
1124 1395 1212 1458 nobis
1230 1398 1312 1457 iuxta

99 1488 251 1566 propriam
279 1491 457 1569 sapientiam
484 1505 594 1554 cuncta
614 1494 801 1572 dispensam,
831 1513 1024 1572 nequaquam
1052 1494 1159 1554 Enoch
1189 1491 1312 1569 quidem
1328 1508 1364 1547 10

99 1586 266 1648 inmortalis
293 1588 440 1660 existeret,
465 1591 607 1653 dominus
627 1602 729 1652 autern
751 1590 887 1653 Christus
908 1593 949 1653 ad
972 1591 1074 1652 mortis
1098 1588 1311 1668 experientiam

101 1685 323 1761 perueniretst
445 1689 464 1726 s
587 1687 604 1722 s
726 1686 744 1719 a
867 1689 886 1726 s
1008 1690 1027 1726 s
1150 1687 1169 1724 e
1292 1687 1311 1723 s

161 1782 274 1845 idcirco
297 1785 446 1846 Dominus
467 1797 571 1847 auctor
591 1786 726 1847 omnium
748 1789 897 1848 bonorum
911 1784 1085 1847 hominibus
1098 1787 1194 1845 sactus
1209 1793 1262 1856 est,
1278 1795 1311 1844 ut

101 1878 178 1941 sicut
196 1883 296 1942 Adam
316 1881 404 1959 primi
418 1894 448 1944 et
462 1883 594 1944 mortalis
612 1895 705 1945 status
719 1884 814 1945 extitit
828 1885 993 1958 inchoator,
1008 1884 1051 1946 ita
1064 1895 1094 1944 et
1107 1883 1172 1960 ipse
1185 1881 1311 1942 secundi

101 1987 131 2036 et
152 1976 320 2040 inmortalis
342 1992 435 2041 status
459 1979 588 2042 existens
613 1980 753 2054 initiator,
773 1981 910 2060 primitus
932 1983 1019 2043 Adae
1040 1981 1144 2060 prioris
1166 1984 1311 2044 naturalia
1326 1996 1361 2057 ις

101 2076 275 2150 custodiret,
291 2079 363 2139 dum
382 2078 512 2140 nascitur
530 2098 567 2139 ex
586 2078 718 2152 muliere,
737 2080 810 2139 dum
825 2080 933 2157 pannis
947 2079 1109 2140 inuoluitur
1122 2090 1153 2140 et
1166 2080 1309 2159 paulatim

101 2172 206 2233 aetatis
234 2173 419 2236 incrementa
447 2176 687 2237 sortitur—Iesus
715 2176 796 2237 enim
828 2177 948 2256 (inquit)
976 2177 1144 2254 proficiebat
1167 2186 1259 2237 aetate
1285 2185 1313 2237 ct

101 2270 245 2345 sapientis
259 2278 288 2329 et
294 2273 395 2348 gratia
411 2292 506 2332 coram
522 2275 588 2332 Dea
603 2282 629 2332 et
645 2274 951 2347 taminiam-dum
971 2272 1229 2335 circumcisionem
1250 2294 1311 2334 sus-

102 2368 184 2445 cipit,
200 2370 274 2429 dum
288 2368 369 2429 iuxta
384 2371 508 2448 legalem
523 2370 772 2431 consuetudinem
788 2372 856 2431 Deo
871 2370 993 2432 adstetit
1007 2370 1038 2431 in
1054 2373 1176 2449 templo,
1187 2370 1313 2449 parenti-

100 2467 220 2543 busque
239 2466 382 2527 subicitur
400 2478 432 2528 'et
453 2467 674 2528 conuersationi
694 2467 845 2545 legitimae
866 2467 1061 2546 mancipatur.
1103 2467 1147 2529 sic
1166 2468 1256 2531 etiam
1273 2471 1313 2530 ad
1328 2486 1366 2526 ao

9 2590 10 2597 ¹
102 2564 305 2642 expletionem
318 2564 499 2643 reliquorum
519 2576 548 2626 et
565 2577 702 2639 mortem,
722 2577 828 2644 utpote
847 2576 970 2628 naturae
989 2567 1143 2641 tributum,
1160 2580 1313 2646 postremo

103 2661 241 2740 suscipit,
263 2673 296 2722 ut
318 2665 484 2725 secundum
508 2665 606 2741 legem
629 2665 780 2724 humanae
805 2675 927 2725 naturae
949 2664 1080 2726 moriens
1101 2677 1133 2726 et
1151 2686 1170 2726 a
1189 2666 1314 2727 mortuis

9 2794 10 2851 ,
103 2756 210 2819 diuina
226 2759 336 2821 uirtute
358 2779 522 2838 resurgens,
536 2760 654 2822 initium
673 2760 790 2822 cunctis
808 2761 980 2822 hominibus
998 2762 1051 2840 qui
1068 2774 1196 2824 mortem
1211 2783 1315 2826 secun·

9 2860 10 2873 ¹
104 2856 177 2916 dum
199 2858 349 2936 propriam
372 2869 507 2919 naturam
535 2858 701 2936 suscipiunt
723 2861 807 2919 fieret
828 2870 861 2919 ut
886 2878 905 2918 a
927 2859 1052 2920 mortuis
1074 2873 1195 2938 surgant
1218 2872 1248 2923 et
1275 2863 1314 2922 ad

9 2982 11 3035 ;
104 2954 294 3017 inmortalem
321 2957 517 3019 substantiam
545 2967 776 3018 commutentur.
820 2956 896 3017 sicut
923 2956 1004 3017 enim
1032 2960 1200 3019 conformes
1228 2961 1314 3020 Adae
1329 2972 1365 3033 25

9 3046 10 3061 ¹
106 3057 273 3118 seeundum
294 3067 404 3117 statum
425 3066 612 3134 praesentem
632 3074 735 3115 sumus
754 3074 860 3115 omnes
874 3053 981 3130 effecti,
997 3054 1039 3115 sic
1054 3054 1174 3117 Christo
1188 3056 1315 3117 domino

105 3158 275 3217 conformes
299 3154 461 3216 efficiemur
483 3153 515 3215 in
539 3166 699 3232 posterum
744 3153 964 3230 tranptgurabu
983 3152 1063 3214 enim
1084 3163 1184 3231 corpus
1199 3156 1316 3215 humili-

105 3256 175 3313 tatis
195 3262 311 3313 nostroe
330 3254 470 3329 mrfforme
483 3254 559 3331 fieri
575 3254 700 3329 corpores
715 3254 827 3328 gloriae
850 3250 940 3328 eiusss.
983 3262 1027 3312 et:
1057 3253 1155 3328 qualis
1175 3260 1314 3327 terrenus,

9 3378 10 3385 ,
106 3350 177 3408 tales
197 3358 226 3409 et
243 3352 364 3420 terrent}
384 3356 412 3409 et
425 3350 522 3426 qualis
540 3350 669 3421 coelestus,
684 3350 754 3408 tales
766 3355 795 3407 ct
806 3349 934 3408 caelestes.
978 3358 1022 3408 et:
1046 3349 1122 3407 sicut
1129 3351 1317 3427 portauimus

9 3500 10 3511 ,
105 3446 258 3523 imaginem
277 3448 392 3520 terreni,
408 3453 557 3525 portemus
576 3447 663 3505 etiam
685 3447 837 3522 tinagr'nem
857 3446 1004 3522 caeksti55
1049 3447 1212 3508 ostendens
1233 3448 1315 3525 quod
1329 3469 1369 3527 30

106 3543 196 3621 primi
223 3555 318 3605 status
352 3544 438 3605 Adae
469 3542 630 3621 participes
661 3541 740 3616 facti,
764 3541 933 3603 necessario
957 3541 1047 3603 etiam
1072 3544 1197 3605 secundi
1218 3547 1315 3621 Adae,

108 3640 218 3703 Christi
232 3640 355 3714 domini,
366 3642 532 3702 secundum
547 3659 667 3702 caruem
681 3641 771 3700 futuri
785 3651 879 3701 status
894 3639 1081 3719 participium
1095 3642 1315 3719 consequimur,

107 3748 213 3813 utpote
228 3735 279 3814 qui
293 3756 329 3797 ex
343 3737 400 3795 hac
414 3737 521 3796 eadem
535 3745 640 3794 natura
654 3745 771 3794 constet
786 3736 915 3809 exortus,
931 3746 961 3795 et
979 3748 1089 3797 cuncta
1106 3756 1182 3815 quae
1201 3740 1317 3800 fuerant

106 3846 231 3894 natiuae
263 3833 434 3911 susceperit,
463 3844 494 3893 et
520 3832 591 3894 ideo
618 3831 788 3892 sustinuerit
816 3844 951 3906 mortem,
980 3843 1014 3892 ut
1041 3845 1167 3895 mortem
1194 3847 1317 3897 naturae

107 3932 272 4011 suscipiens
291 3943 322 3993 et
339 3951 358 3991 a
376 3930 499 3993 mortuis
519 3950 674 4009 resurgens
688 3943 826 3990 naturam
840 3929 963 3991 liberam
977 3941 1074 3991 morte
1088 3932 1249 4008 perficeret.
1287 3944 1317 3995 et
1330 3955 1368 4017 35

9 4098 10 4101 Ἴ
108 4043 236 4091 mortem
257 4029 380 4107 quidem
399 4039 557 4107 propterea
575 4029 714 4107 suscepit,
729 4039 887 4105 peccatum
904 4047 976 4088 uero
993 4047 1192 4106 nequaquam,
1209 4031 1263 4092 sed
1277 4035 1316 4094 ab

9 4110 10 4131 ¹
107 4129 165 4189 hoc
192 4125 334 4188 immunis
361 4126 524 4206 permansit
550 4127 688 4202 omnino3
724 4127 808 4204 quod
837 4124 918 4187 enirn
945 4136 1008 4187 erat
1035 4136 1167 4202 naturae,
1195 4128 1228 4189 id
1262 4142 1315 4206 est,

107 4239 245 4299 mortem,
266 4223 470 4286 indubitanter
488 4224 661 4303 adsumpsit,
676 4235 835 4302 peccatum
848 4243 929 4298 uero,
944 4224 1028 4301 quod
1041 4243 1105 4284 non
1119 4235 1181 4285 erat
1194 4236 1317 4289 naturae

609 4392 639 4446 35
657 4383 819 4447 lamorteg
907 4454 910 4460 Ι

148 4542 162 4567 s
180 4539 297 4595 nebai,
312 4539 352 4602 38.
421 4537 602 4593 †S.Lukeii.
615 4554 655 4607 5²·
723 4539 824 4599 tPhil.
838 4540 928 4590 iiior.
993 4539 1112 4603 §rCon
1126 4543 1220 4607 md,
1234 4559 1275 4612 49.
