3142 5100
236 378 281 444 90
572 371 802 426 eueooonus
826 370 1119 426 MOPSUESTENUS
1296 357 1355 442 [11.
1371 359 1447 440 7‚8.

234 546 421 612 doctrinam
437 543 481 610 ad
497 545 648 609 omnium
670 543 846 609 hominum
867 545 1022 609 notitiam
1044 543 1193 607 deferam
1214 551 1248 607 et
1268 561 1386 606 omncs
1401 541 1446 605 ad

234 651 337 715 fidem
362 650 485 716 Christi
513 650 671 713 accedere
695 649 826 722 faciam,
853 670 913 732 per
939 668 1039 732 quem
1067 650 1164 712 nobis
1188 648 1253 711 ista
1283 648 1448 710 retributa

234 763 324 819 sunt.
368 763 403 818 et
427 754 564 837 quidem
587 754 631 817 ad
655 753 775 816 horum
799 753 988 818 doctrinam
1013 763 1048 818 et
1077 754 1338 817 insinuationem
1364 772 1446 834 gen-

234 861 318 923 tium
341 870 473 923 creatus
487 879 562 923 sum
586 859 759 943 apostolus
769 857 861 922 ’—ut
880 861 980 936 dicat,
1004 859 1174 922 ‘omnium
1190 857 1365 922 hominum
1388 855 1445 938 qui

203 963 268 1045 5in
299 964 391 1027 omni
418 964 491 1028 loco
519 960 615 1027 sunt’
661 963 748 1027 bene
774 973 888 1028 autem
915 964 1114 1047 interposuit
1139 964 1254 1027 dicens
1276 959 1445 1025 ueritatem

234 1066 311 1144 dim,
333 1087 396 1129 nen
420 1065 581 1141 menube,-
613 1065 661 1128 ita
682 1074 721 1129 ut
743 1076 777 1130 et
800 1066 1052 1132 confirmatione
1075 1089 1137 1132 sua
1160 1067 1249 1131 credi
1270 1067 1392 1131 iaceret
1410 1064 1445 1128 id

234 1169 325 1253 quod
356 1169 497 1233 dicebat
550 1187 629 1231 nam
659 1167 751 1251 quod
781 1168 872 1233 dixit
901 1170 936 1233 in
956 1170 1029 1254 fide
1057 1181 1089 1234 et
1116 1171 1260 1248 ueritate,
1287 1179 1326 1233 ut
1355 1168 1446 1231 dicat

235 1275 394 1358 quoniam
418 1279 500 1356 ‘pro
519 1272 570 1335 his
592 1273 795 1337 constitutus
814 1294 889 1337 sum
913 1275 1073 1357 magister
1094 1275 1257 1357 gentium,
1280 1274 1328 1337 ita
1350 1281 1388 1336 ut
1411 1279 1445 1335 et

235 1376 336 1441 fidem
352 1398 409 1441 eos
425 1377 564 1441 doceam
580 1384 613 1441 et
630 1378 824 1462 ueritatem!
868 1379 983 1463 sicque
1004 1380 1229 1463 comprobans
1252 1398 1312 1462 per
1331 1376 1446 1440 omnia

183 1482 326 1564 roquod
351 1481 534 1544 necessarie
560 1481 783 1545 conueniebat
806 1482 871 1545 illis
901 1483 934 1545 in
966 1484 1111 1567 idipsum
1142 1482 1355 1548 uenientibus
1384 1503 1445 1564 pro
1493 1483 1497 1492 ’

235 1586 391 1649 omnibus
406 1586 513 1650 facere
531 1586 716 1649 orationem
740 1606 961 1663 communem,
978 1588 1133 1652 omnibus
1158 1586 1381 1670 prouisionem
1401 1584 1444 1648 ad

235 1690 486 1754 similitudinem
504 1691 568 1754 Dei
591 1690 797 1768 facientibus,
815 1692 931 1775 incipit
953 1693 996 1756 de
1019 1701 1130 1756 cetero
1150 1692 1322 1774 disputare
1348 1688 1446 1771 quale

235 1817 350 1861 eorum
366 1797 439 1860 uult
459 1815 531 1859 esse
552 1795 751 1873 institutum,
768 1795 958 1859 discernens
981 1815 1039 1859 eos
1059 1795 1243 1859 secundum
1263 1811 1393 1867 sexum,
1411 1791 1446 1853 in

236 1922 336 1986 quem
352 1902 441 1965 uiros
455 1899 608 1964 diuidens
624 1907 658 1962 et
674 1898 837 1963 mulieres.
883 1906 917 1961 et
932 1899 1077 1981 primum
1101 1899 1237 1982 quidem
1260 1893 1446 1959 secundum

185 2022 222 2090 15
237 2007 388 2070 ordinem
412 2002 666 2067 conuenientem
693 2002 735 2065 de
759 2002 837 2065 uiris
865 2002 1020 2085 loquitur,
1042 2022 1177 2066 causam
1201 2000 1375 2084 explicans
1402 1997 1446 2061 ob

237 2128 339 2193 quam
365 2105 522 2170 discreuit
545 2125 611 2180 eos,
639 2112 675 2168 et
700 2105 838 2188 quidem
861 2124 1056 2169 communes
1080 2106 1144 2169 illis
1168 2106 1259 2189 leges
1283 2107 1461 2170 uirtutum*

237 2220 384 2275 statuere
402 2210 613 2273 adnitescens
625 2229 634 2286 ;
660 2208 747 2272 sicut
766 2228 812 2272 ex
835 2208 1041 2273 subiectione
1063 2210 1246 2293 poterimus
1268 2210 1304 2274 id
1327 2210 1447 2274 melius

239 2315 385 2378 discere:

302 2455 373 2519 uelo
399 2453 474 2538 (ait)
498 2473 591 2517 orare
613 2454 711 2531 uiros,
737 2455 773 2519 in
793 2455 884 2520 omni
901 2455 964 2520 loce
980 2456 1160 2521 attollentes
1181 2476 1300 2521 manus
1317 2469 1449 2525 sanctas

184 2582 226 2630 20
237 2560 307 2625 sine
322 2558 375 2624 ira
388 2568 420 2623 et
433 2559 661 2643 disceptatione.

289 2726 304 2761 ο
322 2711 370 2761 ista
380 2711 454 2762 nobis
465 2727 482 2760 r
493 2710 498 2777 Ι
513 2711 642 2761 retributio
653 2712 687 2761 H
813 2727 828 2777 3
848 2712 962 2763 doctrina
973 2720 998 2764 et
1009 2714 1175 2764 insinuatione
1185 2714 1221 2764 Η
1357 2729 1371 2780 5
1389 2731 1450 2782 ergo

239 2792 299 2857 (sor
309 2790 402 2855 autem)
417 2793 438 2843 C
445 2809 462 2841 r
541 2791 557 2842 6
573 2799 601 2841 ut
617 2808 656 2841 em
669 2790 701 2857 νΙ
716 2791 932 2844 confirmationem
950 2810 1019 2844 suam
1035 2811 1052 2843 r
1140 2810 1156 2862 9
1173 2811 1218 2860 per
1233 2795 1319 2847 omnia
1334 2811 1449 2863 compro·

238 2874 331 2924 bansr
413 2888 443 2924 ιο
459 2874 598 2924 necessario
615 2871 795 2939 riconueniat
813 2875 867 2925 Cr
944 2888 973 2939 15
990 2878 1195 2927 conuenienterr
1260 2876 1451 2943 161egisc·r

241 2958 271 3006 18
287 2955 408 3005 dicereH

273 3106 297 3156 3,
329 3087 534 3150 festinaremus]
564 3087 752 3146 ‘notification‚'
766 3088 819 3137 ‘in·
868 3088 1023 3138 minstanee
1035 3087 1065 3138 oi
1072 3086 1115 3138 the
1125 3087 1241 3153 opposite
1249 3087 1449 3156 orderseeEph.

239 3172 373 3222 formation
381 3170 436 3219 ’-a
447 3186 518 3220 sense
529 3172 555 3218 in
566 3169 648 3219 which
662 3170 704 3219 the
715 3170 785 3219 word
797 3170 819 3219 is
868 3183 894 3217 v.
906 3183 946 3227 ος,
960 3183 1008 3232 sq„
1018 3168 1071 3217 and
1086 3166 1158 3218 Th's
1174 3168 1275 3218 remark
1291 3168 1361 3218 there
1378 3167 1408 3232 (1.
1419 3184 1446 3234 p.

239 3255 350 3321 peculim
366 3261 394 3302 to
409 3253 459 3302 late
471 3252 588 3316 latinitya
602 3252 653 3301 and
666 3251 756 3316 chiefly
767 3267 819 3301 em·
871 3251 925 3312 183,
938 3249 966 3299 11.
977 3251 1075 3315 9—14).

239 3337 332 3401 ployed
343 3337 376 3399 by
388 3333 431 3384 the
438 3334 530 3398 jurists.
903 3346 941 3395 17.
976 3331 1137 3394 adndmms]
1160 3332 1199 3382 cf.
1223 3333 1359 3391 enitescent.
1382 3345 1447 3402 Lp.

274 3421 297 3469 8.
330 3425 360 3467 ut
379 3426 401 3468 a
410 3418 491 3482 fidem
508 3433 545 3466 ees
562 3417 665 3473 doceam
686 3415 745 3477 dm]
780 3415 820 3479 By
870 3413 925 3475 238,
940 3413 956 3462 l.
975 3428 1011 3475 ¹4»
1025 3422 1094 3464 note·
1127 3414 1174 3463 Ex
1188 3415 1351 3466 rubisca=ex
1365 3417 1450 3468 subse·

241 3496 384 3548 διδάσκαλος
400 3499 426 3545 ἐν
442 3498 525 3545 πίστει
542 3495 591 3544 Th.
608 3495 773 3544 understands
792 3496 819 3543 ‘a
868 3495 1012 3559 quentibus.

239 3579 377 3632 tencheroi
384 3579 427 3630 the
438 3579 519 3630 saith)
552 3578 684 3635 Thdt‚on
695 3579 738 3628 the
747 3578 820 3628 other
904 3592 942 3644 19.
976 3577 1032 3626 urle
1058 3575 1116 3642 (ait)
1143 3577 1224 3639 erare]
1254 3580 1375 3640 βούλομαι
1402 3575 1451 3630 οὖν

240 3663 317 3721 hand,
325 3663 396 3713 takes
406 3665 431 3711 ἐν
439 3664 522 3711 πίστει
533 3662 575 3710 rai
585 3662 687 3723 ἀληθείᾳ
698 3670 725 3711 to
736 3677 818 3726 repre·
868 3661 1057 3723 προσεύχεσθαι.
1090 3661 1128 3710 As
1144 3661 1165 3710 is
1181 3660 1323 3727 frequently
1334 3664 1377 3714 the
1394 3680 1451 3715 cese

240 3751 296 3793 sent
318 3743 361 3793 the
382 3758 490 3793 manner·
507 3742 557 3791 and
579 3742 707 3791 character
728 3742 757 3790 oi
775 3742 819 3792 the
868 3742 895 3789 in
916 3742 967 3791 this
993 3741 1148 3799 translation,
1170 3758 1204 3792 an
1226 3743 1335 3793 inserted
1362 3746 1401 3794 ait
1422 3761 1452 3797 or

240 3825 372 3890 taching:
389 3825 451 3883 μετὰ
470 3825 513 3884 τῆς
530 3824 697 3886 προσηκούσης
716 3823 819 3872 πίστεώς
867 3823 953 3887 inquit
961 3823 1007 3872 has
1018 3823 1094 3872 taken
1106 3825 1149 3873 the
1160 3824 1232 3888 place
1242 3825 1272 3875 οἱ
1280 3826 1322 3876 the
1333 3826 1452 3890 conjunc·

240 3925 270 3958 re
291 3910 330 3957 καὶ
353 3906 467 3967 ἀληθείας
487 3903 560 3956 τοῦτο
581 3908 657 3955 πᾶσιν
679 3906 817 3965 προσφέρω·
868 3906 928 3955 tion.
964 3905 1118 3956 Extollentes
1133 3923 1226 3956 manus
1245 3916 1345 3957 sanctas
1350 3925 1364 3967 ,·
1385 3909 1452 3958 Rab.

240 3987 333 4053 βεβαιῶ
342 3985 392 4051 γὰρ
403 3983 435 4050 τῇ
445 3988 626 4049 econamum
637 3988 690 4035 τοὺς
701 3987 797 4044 λόγους.
869 3994 926 4049 puts
937 3987 987 4036 this
998 3986 1131 4049 rendering
1145 3986 1199 4036 side
1209 3987 1244 4050 by
1254 3988 1308 4037 side
1320 3989 1382 4038 with
1396 3990 1453 4039 that

273 4085 296 4134 9.
332 4070 412 4133 sicque
428 4068 591 4133 comprobans,
602 4067 659 4129 dec]
692 4066 819 4131 “Having
868 4067 897 4117 of
906 4068 948 4117 the
957 4066 1046 4131 Vulge
1061 4066 1191 4116 “euanecs
1197 4075 1280 4131 puras
1288 4085 1388 4129 manus,
1400 4071 1456 4120 siue

240 4153 298 4203 thus
314 4149 433 4216 proved‚’‘
445 4151 490 4201 dte.
527 4149 566 4200 Cf.
580 4149 670 4213 Chrys.
688 4149 733 4210 (on
743 4164 767 4197 v.
782 4145 820 4210 4):
868 4148 1032 4197 secundum
1045 4145 1136 4195 aliam
1147 4147 1323 4209 editionem,
1337 4151 1455 4201 malim.

240 4229 423 4295 peonitentiae)
437 4232 481 4282 τὸν
496 4228 589 4281 σκοπὸν
606 4227 648 4279 τοῦ
666 4227 730 4279 θεοῦ·
748 4231 820 4280 αὐτὸς
867 4238 901 4280 tes
919 4246 1002 4279 sacrus
1021 4228 1138 4278 neanus.”
1171 4230 1228 4280 The
1246 4231 1409 4283 substitution
1426 4235 1459 4285 of

240 4313 288 4375 γὰρ
304 4313 395 4363 πάντας
411 4311 549 4375 ἀνθρώπους
566 4314 631 4361 θέλει
648 4313 762 4372 σωθῆναι,
778 4312 821 4360 καὶ
868 4320 968 4361 sanctas
994 4311 1033 4361 sor
1055 4309 1170 4376 “puras'’
1192 4312 1244 4361 had
1271 4313 1351 4364 found
1377 4316 1454 4381 place

241 4392 677 4456 edirtprinuvcixoudedpdror.
869 4393 971 4457 already
981 4393 1007 4443 in
1021 4392 1145 4442 Ambrstr,
1159 4393 1209 4442 and
1219 4393 1330 4457 Jemme.

276 4490 312 4534 ¹4·
343 4474 520 4538 prienam...de
539 4473 605 4522 uiris
626 4475 747 4538 loquitur]
768 4476 819 4525 For
