3142 5100
241 378 303 443 106
572 387 803 443 THEODORUS
825 386 1119 440 MOPSUESTENUS
1322 372 1403 457 [III.
1420 385 1451 433 2.

237 562 326 626 enim
357 560 413 626 ille
442 560 499 645 qui
529 560 679 645 legitime
708 561 839 626 duabus
866 562 997 628 iunctus
1026 561 1188 626 uxoribus
1214 568 1250 625 et
1275 559 1450 643 proposito

238 666 288 728 sui
304 665 430 728 arbitrii
450 665 571 746 pudice
589 685 666 728 cum
689 664 754 728 illis
774 666 936 742 conuixit‚
951 685 1018 729 non
1039 665 1142 729 debet
1162 665 1196 728 in
1217 664 1449 746 episcopatum

238 768 338 849 recipi
362 767 408 831 ob
431 766 721 849 scrupulositatem
744 786 824 830 uero
850 768 961 846 uitae;
992 764 1100 831 multo
1123 766 1268 849 amplius
1290 785 1366 828 eum
1389 762 1449 846 qui

238 868 409 934 luxuriose
424 871 520 944 uixit,
537 870 694 935 indecens
717 880 768 936 est
783 871 827 935 ad
842 870 907 935 hoc
927 871 1065 954 produci
1080 892 1158 935 eum
1182 892 1222 935 ea
1237 872 1365 935 ratione
1380 890 1450 953 qua

207 972 407 1054 sbaptisma
432 971 610 1037 adsecutus
635 982 695 1037 est.
739 971 823 1038 haec
850 975 986 1057 quidem
1014 973 1105 1037 dicta
1128 973 1296 1037 sufficiunt
1320 972 1363 1036 de
1388 970 1449 1034 illo

238 1076 329 1158 quod
353 1076 442 1140 dixit
463 1075 563 1140 unius
581 1075 694 1139 υκονίι
710 1075 848 1152 uirum
871 1077 964 1139 cuius
985 1076 1292 1157 interpretationem
1313 1073 1449 1137 euiden-

237 1177 304 1239 tius
325 1175 434 1240 dicere
453 1178 526 1260 ipsa
543 1197 658 1241 sumus
678 1177 878 1241 necessitate
901 1176 1032 1260 inpulsi,
1055 1175 1331 1241 consuetudinem
1354 1173 1447 1237 illam

238 1296 326 1359 quae
341 1277 431 1359 apud
452 1279 614 1361 plurimos
633 1279 740 1343 teneri
758 1278 892 1343 uidetur
909 1276 1160 1361 despicientes*
1205 1297 1284 1341 nam
1299 1275 1449 1362 plenarie

237 1397 372 1440 sensum
402 1379 547 1462 apostoli
576 1380 610 1443 in
640 1380 921 1463 subsequentibus
959 1379 1247 1445 manifestabimus
1285 1399 1331 1442 ex
1366 1377 1450 1460 ipsis

187 1503 227 1552 10
237 1484 453 1562 sermonibus,
471 1482 526 1548 uel
545 1482 694 1548 maxime
715 1484 881 1548 dictorum
904 1483 1064 1548 facientes
1086 1484 1319 1567 probationem
1331 1500 1340 1559 3
1364 1501 1445 1544 nam

239 1591 372 1656 uirtutis
401 1597 436 1653 et
466 1590 645 1672 aequitatis
675 1590 759 1653 ratio
786 1586 935 1671 postulat
960 1597 1000 1652 ut
1025 1576 1132 1670 isqui
1159 1585 1286 1650 detali
1311 1584 1452 1666 negotio

240 1695 389 1777 loquitur
402 1711 469 1755 non
484 1691 759 1756 consuetudinem
783 1691 943 1774 aequitati
964 1698 1157 1773 anteponat,
1173 1688 1233 1754 sed
1250 1686 1343 1751 Pauli
1359 1687 1453 1769 leges

241 1798 409 1873 discutiat,
425 1806 460 1860 et
474 1795 533 1859 illa
548 1796 623 1859 Deo
639 1804 734 1878 aptet
748 1816 836 1878 quae
852 1795 882 1859 ei
897 1796 1019 1859 decent
1033 1795 1141 1877 aptari
1153 1796 1210 1877 qui
1226 1814 1359 1876 semper
1372 1814 1452 1858 cum

242 1902 369 1965 iustitia
390 1908 424 1964 et
443 1920 509 1963 non
533 1907 654 1963 euentu
678 1906 737 1962 aut
757 1899 922 1964 accidenti
945 1900 1100 1963 uniuersa
1117 1900 1204 1964 solet
1221 1898 1371 1981 probare,
1389 1886 1466 1962 sed*

189 2019 227 2087 15
243 2003 425 2067 secundum
455 2002 663 2084 propositum
694 2010 729 2065 et
765 2002 938 2065 arbitrium
974 2001 1149 2065 hominum
1178 2021 1455 2084 unumquemque

243 2109 306 2171 scit
321 2107 474 2171 iudicare.
519 2126 598 2169 nam
614 2114 649 2169 et
664 2103 721 2168 illa
736 2125 824 2187 quae
839 2105 999 2187 baptismi
1014 2114 1093 2169 sunt
1107 2103 1297 2189 frequenter
1312 2113 1454 2169 euentus

244 2213 314 2279 fieri
345 2212 472 2291 solent;
508 2210 604 2275 aliter
641 2211 821 2273 adsecutus
850 2209 896 2273 ob
926 2207 1154 2273 infirmitatem
1184 2217 1244 2273 aut
1272 2209 1317 2273 ob
1347 2208 1453 2273 aliam

224 2371 311 2464 Ιμως
340 2379 435 2446 δυσὶν
464 2375 714 2462 συμπλακέντα,
729 2375 911 2465 σωφρόνως
935 2402 972 2441 τε
992 2373 1107 2445 αὐτοῖς
1136 2369 1348 2455 συνεζηκάτα,
1370 2396 1456 2456 προ-

245 2479 335 2547 θέσει
352 2480 483 2563 γνώμης
503 2480 664 2564 φάσκοιεν
683 2478 724 2546 δι’
740 2478 914 2567 ἀκρίβειαν
932 2475 989 2543 ἐπὶ
1006 2474 1068 2558 τὴν
1088 2472 1278 2557 ἐπισκοπὴν
1293 2470 1351 2539 οὐκ
1371 2470 1457 2538 εἶναι

189 2605 232 2655 20
244 2584 364 2663 δεκτόν,
389 2585 509 2671 πολλῷ
536 2582 642 2649 πλέον
670 2582 727 2650 τὸν
752 2582 810 2650 καὶ
835 2581 1032 2652 ἀκολάστως
1055 2579 1234 2660 βιώσαντα
1260 2574 1296 2642 οὖ
1325 2573 1459 2659 θεμιτὸν

244 2688 301 2755 ἐπὶ
331 2691 426 2755 τοῦτο
461 2686 679 2775 προάγεσθαι,
711 2684 825 2767 ἐπειδὴ
860 2690 920 2752 τοῦ
947 2682 1187 2767 βαπτίσματος
1219 2680 1309 2768 αὐτῷ
1340 2682 1457 2768 τυχεῖν

243 2790 377 2874 ἐγένετο.
421 2790 478 2857 καὶ
492 2793 598 2856 ταῦτα
611 2788 671 2871 μὲν
695 2788 839 2876 εἰρήσθω
854 2785 931 2874 περὶ
946 2788 1006 2852 τοῦ
1027 2790 1096 2851 utic
1120 2786 1258 2861 Γγιιοικὸο
1281 2783 1385 2870 a'napa·
1416 2781 1457 2849 οὗ

244 2896 284 2978 δὴ
305 2895 366 2977 τὴν
383 2895 555 2984 ἑρμηνείαν
575 2891 784 2981 σαφέστερον
805 2891 910 2959 εἰπεῖν
930 2890 1110 2976 ἀναγκαῖον
1131 2885 1337 2971 ἡγησάμεθα,
1351 2884 1459 2973 μικρά

244 3006 302 3085 τῆς
327 2999 514 3090 κρατούσης
534 2994 628 3085 παρά
650 2998 720 3066 τοῖς
742 2997 886 3064 πολλοῖς
908 2991 1147 3081 φροντίσαντες
1167 2989 1351 3072 συνηθείαις.

294 3161 305 3196 1
322 3136 444 3210 propositi
455 3142 489 3191 H
491 3157 509 3191 r
643 3152 657 3202 5
675 3144 713 3189 est
726 3154 766 3187 om
778 3139 811 3188 H
818 3136 823 3203 Ι
838 3136 962 3187 sufficiant
973 3152 990 3185 r
1117 3145 1130 3198 7
1147 3132 1271 3198 compulsi
1284 3131 1318 3181 H
1436 3132 1453 3181 8

243 3228 382 3295 pleniorem
395 3224 463 3277 C*r
486 3223 562 3289 plena
577 3237 605 3272 re
625 3218 727 3285 cnm)
756 3220 885 3285 plenerer
978 3230 1007 3268 ra
1025 3216 1126 3280 legeH
1206 3230 1236 3278 ¹4
1252 3221 1357 3264 euentus
1374 3211 1464 3262 C'H

247 3325 275 3373 17
293 3310 411 3359 firmitate
422 3307 456 3356 H
483 3305 626 3355 finnitatem
643 3319 659 3351 r
785 3317 817 3362 τι,
833 3299 890 3350 The
907 3298 1013 3348 catenist
1029 3297 1106 3347 adds:
1129 3296 1169 3344 aral
1185 3295 1265 3344 ταῦτα
1281 3296 1325 3354 μὲν
1341 3294 1461 3356 θεοδωροτ

245 3392 353 3453 ἄντικρυς
375 3391 424 3438 τοῖς
445 3387 570 3450 ἐναργέσιν
590 3383 736 3444 μαχόμενος,
758 3377 792 3442 τῇ
808 3397 837 3429 τε
858 3376 1053 3441 ἐκκλησιαστικῇ
1072 3377 1206 3441 παραδόσει
1228 3377 1270 3425 καί
1290 3376 1383 3425 πάσαις
1404 3376 1461 3426 ταῖς

244 3477 362 3525 συνόδοις·
378 3472 437 3535 πρὸς
447 3469 464 3518 ά
475 3468 602 3528 δυνήσεταί
612 3483 649 3515 τις
660 3466 791 3521 ἀντειπεῖν,
803 3460 886 3527 καιροῦ
898 3458 1040 3512 καλοῦντος.

281 3619 318 3670 17.
353 3602 533 3654 aliter...alitcr
542 3598 609 3660 uero]
643 3598 827 3647 “Inonecase
875 3596 910 3660 by
924 3595 968 3645 the
988 3592 1038 3644 end
1057 3591 1087 3643 of
1103 3591 1146 3643 the
1165 3589 1249 3640 fourth
1268 3596 1386 3653 centum
1409 3589 1461 3638 and

248 3688 305 3740 ...iu
315 3685 427 3736 another.
433 3683 448 3705 ’'
877 3693 940 3727 even
953 3677 980 3727 S.
995 3676 1107 3738 Gregory
1119 3673 1148 3723 of
1156 3672 1306 3731 Naaianzus,
1320 3671 1403 3720 whilst
1416 3686 1462 3735 up·

277 3772 305 3824 ob
315 3758 769 3836 infirmitatem...ininsantiam,duc]
784 3758 828 3807 An
877 3758 984 3822 holding
999 3757 1042 3806 the
1059 3754 1181 3820 principle
1201 3752 1231 3802 of
1244 3752 1324 3801 infant
1340 3752 1460 3816 baptism,

244 3853 392 3923 apostolical
408 3848 527 3900 tradition
543 3845 690 3897 sanctioned
706 3844 749 3893 the
765 3844 827 3908 bap·
879 3837 1053 3889 recommends
1075 3835 1118 3886 the
1143 3841 1339 3899 postponement
1365 3832 1396 3881 of
1419 3832 1464 3881 the

246 3937 304 3987 tism
329 3935 358 3985 of
377 3931 469 3983 infants
495 3928 576 3994 (Orig-
600 3928 628 3977 in
653 3927 726 3976 Rom.
747 3941 772 3972 ν.
796 3921 829 3973 6:
880 3923 1034 3978 Sacrament‚
1057 3925 1146 3983 except
1168 3916 1195 3967 in
1217 3932 1287 3966 cases
1308 3915 1339 3965 of
1357 3915 1461 3980 danger,

250 4017 377 4070 “ecclesia
388 4017 421 4064 ab
432 4011 552 4078 apostolis
563 4008 724 4059 traditionem
733 4004 830 4069 accepit
878 4003 943 4053 until
956 4003 998 4052 the
1009 4000 1092 4051 fourth
1105 4015 1164 4064 year
1175 3997 1239 4048 after
1250 3996 1317 4047 birth
1330 3995 1403 4061 (orat.
1415 4008 1463 4047 xl..

248 4101 324 4152 etiam
346 4097 456 4165 paruulis
477 4093 631 4159 baptismum
654 4087 759 4149 dare'');
783 4088 830 4137 but
880 4085 945 4147 517,
966 4083 1052 4147 Migne
1068 4081 1099 4129 P.
1114 4080 1143 4130 G.
1161 4077 1200 4143 36.
1214 4080 1277 4141 380:
1295 4079 1379 4138 νήπιον
1396 4078 1464 4126 ἔστιν

249 4180 292 4229 the
305 4182 449 4226 movement
462 4173 488 4221 in
505 4172 593 4221 favour
609 4169 639 4220 of
651 4167 732 4231 delay,
746 4166 831 4216 which
881 4180 933 4222 σοις
961 4162 989 4211 ἐκ
1015 4161 1119 4224 βρέφους
1146 4158 1297 4220 ἁγιασθήτω.
1330 4156 1363 4206 ib.
1386 4157 1399 4216 5
1423 4156 1464 4213 28.

249 4276 301 4309 was
312 4257 413 4320 already
424 4271 457 4304 on
469 4254 522 4303 foot
533 4252 559 4302 in
571 4252 613 4302 the
624 4251 686 4314 days
695 4249 723 4299 os
731 4248 831 4298 Tertul·
882 4246 969 4310 Migne
987 4258 1051 4311 399:
1074 4243 1098 4291 τί
1116 4241 1135 4290 δ’
1151 4238 1181 4290 ἃν
1198 4243 1273 4290 efron
1289 4241 1346 4301 περὶ
1361 4242 1411 4289 τῶν
1427 4241 1465 4289 ἔτι

250 4342 302 4391 lian
324 4338 363 4399 (de
384 4337 448 4400 bapt.
473 4336 514 4383 18:
543 4332 690 4382 “cunctatio
711 4328 831 4393 baptismi
881 4323 1023 4389 νηπίων,.,ἣ
1044 4325 1086 4374 καὶ
1107 4324 1185 4372 τοῦτο
1205 4322 1375 4386 patriacum
1401 4321 1466 4369 πάνυ

250 4421 336 4472 utilior
348 4424 393 4477 est,
407 4415 539 4481 praecipue
556 4422 640 4464 tamen
657 4412 723 4462 circa
739 4426 830 4476 paruu·
880 4427 919 4472 γε,
934 4411 1002 4470 εττερ
1012 4424 1048 4457 τις
1061 4405 1154 4465 ἐπείγοι
1169 4404 1365 4467 κίνδυνος...τερί
1381 4402 1406 4452 δὲ
1416 4404 1467 4451 τῶν

250 4500 326 4564 los'')‚
340 4499 390 4549 had
406 4496 527 4561 gathered
544 4494 656 4559 strength
669 4494 695 4543 in
710 4494 752 4543 the
768 4493 830 4553 East
880 4491 963 4541 ἄλλων
976 4492 1057 4550 δίδωμι
1068 4489 1167 4551 γνώμην
1181 4490 1234 4549 τὴν
1249 4488 1383 4550 τριετίαν
1399 4487 1464 4535 dva-
