3142 5100
194 411 266 494 2.]
901 425 979 472 IN
1035 424 1138 472 ΕΡ.
1186 422 1287 470 AD
1338 419 1863 470 PHILEMONEM.

196 594 252 655 in
298 595 431 674 ipsa
483 593 893 675 praefatione
945 593 1148 655 etiam
1204 613 1318 654 eos
1368 591 2137 654 connumerandos·esse
2185 588 2458 657 censuit,
2513 604 2592 645 eo

196 698 354 777 quod
386 706 451 761 et
485 698 746 761 illorum
781 700 864 761 sit
898 707 1348 774 memoratus;
1394 696 1777 759 custodiens
1820 717 1978 759 uero
2022 702 2088 757 et
2121 695 2205 756 de
2241 690 2366 754 illis
2399 708 2592 750 suum

194 799 489 876 ordinem,
538 821 674 864 non
718 800 935 863 solum
991 800 1148 882 quia
1202 808 1355 880 post
1404 798 1551 862 illos
1602 800 1991 862 memoriam
2043 797 2217 875 fecit,
2272 796 2390 859 sed
2438 795 2595 877 quia

196 921 303 964 nec
360 905 752 967 nominatim
815 913 1070 967 ceteros
1141 902 1333 966 dixit.

1450 903 1567 967 sed
1632 924 1768 967 una
1827 923 1994 966 uoce
2050 922 2285 965 omnes
2347 900 2598 982 pariter

195 1005 452 1069 credidit
512 1006 1007 1090 significandOS,
1071 1006 1368 1069 maxime
1443 1027 1596 1069 cum
1659 1007 1933 1069 euidens
1994 1005 2082 1068 sit
2142 1005 2300 1087 quia
2368 1026 2501 1069 non
2558 1026 2597 1069 a
2675 1017 2704 1083 5

197 1113 429 1174 ratione
472 1131 622 1193 qua.
654 1111 827 1172 serui
872 1118 1028 1172 sunt
1076 1108 1467 1172 infirmiores
1513 1110 1803 1173 dominis
1848 1109 2215 1172 secundum
2272 1109 2596 1172 rationem

196 1223 334 1276 sunt
384 1215 696 1296 pietatis;
766 1235 802 1274 e
854 1213 1187 1275 contrario
1237 1233 1395 1275 uero
1450 1212 1678 1274 multis
1732 1213 2020 1275 dominis
2074 1211 2244 1274 serui
2296 1210 2599 1274 meliores

196 1317 536 1379 secundum
573 1317 991 1398 propositum
1027 1315 1179 1379 fidei
1212 1325 1367 1378 sunt
1401 1317 1657 1398 reperti.
1720 1318 1836 1380 sed
1874 1315 2175 1379 nonnihil
2207 1316 2309 1378 his
2342 1317 2600 1379 curiose

198 1421 529 1482 dicendum
566 1441 710 1482 esse
742 1420 1174 1492 existimauit,
1208 1421 1590 1483 custodiens
1623 1441 1782 1482 uero
1815 1429 1882 1483 et
1916 1420 2044 1483 illis
2076 1441 2280 1503 quam
2316 1420 2600 1483 decebat

198 1523 592 1604 sequentiam
624 1543 640 1600 ;
688 1523 857 1585 sicut
889 1522 1065 1585 enim
1101 1522 1410 1585 maritum
1458 1531 1615 1585 ante
1647 1543 1931 1586 uxorem
1971 1524 2150 1587 dixit
2189 1532 2256 1586 et
2291 1534 2600 1605 parentes
2639 1544 2716 1590 10

200 1636 337 1689 ante
381 1625 616 1705 filium,
664 1627 759 1689 sic
805 1637 960 1708 post
1005 1628 1315 1691 dominos
1361 1628 1566 1690 etiam
1623 1637 1993 1691 ceterorum
2043 1636 2450 1691 memoratus
2501 1637 2602 1691 est

198 1731 296 1812 qui
340 1733 400 1794 in
449 1731 706 1794 familia
751 1731 977 1794 haberi
1026 1731 1322 1813 qualibet
1367 1734 1624 1796 ratione
1677 1733 2254 1796 existimabantur.

2345 1739 2412 1793 et
2467 1751 2601 1793 non

201 1836 357 1899 dixit
385 1836 645 1899 ‘domui
693 1836 888 1912 tuae‚’
920 1836 1036 1898 sed
1069 1835 1352 1898 ecclesiae
1393 1857 1559 1917 quae
1598 1846 1694 1899 est
1738 1835 1806 1898 in
1852 1835 2036 1897 domo
2079 1845 2208 1910 tua,
2243 1833 2603 1896 ostendens

202 1942 494 2022 quoniam
528 1939 879 2003 ecclesiam
924 1960 1068 2002 esse
1110 1941 1456 2003 existimat
1488 1940 1764 2003 domum
1817 1940 1880 2002 in
1929 1960 2062 2021 qua
2101 1958 2333 2001 omnes
2375 1935 2604 1999 fideles

201 2042 405 2106 haberi
466 2044 801 2120 uidentur,
863 2054 930 2109 et
991 2045 1083 2108 ita
1144 2044 1385 2126 dignos
1445 2065 1559 2107 eos
1620 2045 2055 2108 existimabat
2130 2063 2399 2105 suorum
2462 2061 2605 2103 esse
2644 2059 2711 2124 15

201 2148 574 2228 scriptorum
640 2148 827 2231 quasi
890 2150 1002 2231 qui
1078 2147 1395 2212 ecclesiae
1471 2149 1695 2212 locum
1774 2149 2149 2211 retinerent.

2246 2169 2366 2211 nec
2427 2149 2603 2210 enim

204 2250 684 2314 multitudinem
734 2252 1039 2313 uirorum·
1093 2250 1335 2314 Paulus
1385 2251 1733 2316 ecclesiam
1790 2271 1933 2313 esse
1982 2250 2233 2327 definit,
2285 2253 2399 2315 sed
2456 2271 2607 2332 pro-

204 2354 473 2433 positum
540 2353 803 2417 illorum
858 2355 969 2436 qui
1025 2355 1131 2435 pie
1184 2355 1250 2417 in
1307 2355 1597 2436 idipsum
1653 2355 2072 2418 conueniunt.

2193 2375 2347 2417 nam
2410 2364 2478 2418 et
2540 2355 2607 2417 in

203 2456 584 2519 circensibus
617 2465 684 2519 et
717 2458 779 2518 in
814 2456 1089 2519 theatris
1122 2466 1221 2518 est
1265 2456 1766 2519 multitudinem
1811 2457 2222 2537 praespicere
2260 2457 2604 2520 hominum

206 2560 687 2635 confluentium,
740 2561 857 2623 sed
918 2570 1146 2623 tamen
1209 2580 1343 2623 non
1408 2560 1654 2642 poterit
1716 2560 1846 2623 dici
1908 2560 2021 2623 illa
2085 2561 2444 2623 multitudo
2505 2581 2603 2624 ec*
2643 2584 2719 2628 :sm

206 2661 387 2726 clesia
460 2664 612 2738 Dei,
677 2672 950 2745 propter
1019 2663 1268 2725 arbitrii
1344 2664 1742 2745 prauitatem
1806 2684 2034 2727 eorum
2096 2665 2208 2747 qui
2277 2665 2391 2727 illo
2451 2685 2607 2727 cou-

208 2764 548 2831 fluxerunt.
611 2766 888 2829 ecclesia
918 2786 1076 2829 uero
1112 2766 1239 2828 Dei
1271 2775 1551 2829 uocatur
1581 2766 1841 2828 etiamsi
1875 2768 2009 2829 duo
2043 2766 2148 2830 uel
2181 2778 2312 2830 tres
2344 2775 2603 2830 tantum

288 2934 315 2980 3
347 2933 474 2981 quae
500 2917 618 2982 (χόν
637 2917 771 2981 quia)
803 2918 847 2965 C
852 2916 880 2942 ⁴*
964 2917 1100 2982 quod
1130 2918 1174 2967 C
1194 2915 1341 2981 (corr)

206 2999 308 3063 (sor
323 2999 1000 3064 custodiens-..sequentiam)
1023 3016 1086 3048 r:
1118 3000 1182 3062 cs.
1207 2999 1241 3049 l.
1274 3016 1299 3048 α
1326 3015 1400 3062 sq.

1156 3093 1211 3143 15
1247 3080 1433 3130 habere
1462 3080 1556 3129 Cr
1581 3077 1590 3144 Ι
1621 3082 1716 3129 ista
1741 3079 1855 3144 (fhr
1877 3077 1962 3141 ita)
1994 3079 2071 3130 C·

204 3080 392 3139 familia)
413 3083 519 3131 add
536 3080 601 3146 rl
630 3081 814 3130 habere
842 3081 887 3130 C

205 3162 316 3211 siam
344 3164 389 3213 C

206 3291 306 3340 Col.
343 3293 471 3342 l.c.:
535 3293 687 3341 “tam
732 3292 867 3341 enim
913 3293 1097 3342 deuota
1150 3293 1350 3342 uidetur

205 3371 340 3421 fuisse
375 3374 668 3437 [Nymphae
701 3374 920 3434 domus],
965 3382 1019 3423 ut
1059 3374 1222 3424 omnis
1261 3376 1349 3423 do-

207 3468 307 3500 mus
326 3453 429 3501 eins
450 3453 597 3516 signo
626 3453 823 3502 titulata
852 3462 981 3503 esset
1017 3453 1175 3503 crucis
1196 3452 1248 3514 ;’‘
1284 3469 1349 3503 on

209 3534 344 3583 Rom.
373 3538 473 3584 xvi.
509 3552 558 3585 ιι
587 3535 770 3594 (where
807 3535 1038 3584 however
1064 3552 1094 3584 a
1121 3536 1350 3585 different

208 3614 372 3678 phrase
406 3617 447 3665 is
481 3618 624 3676 used)
660 3618 727 3666 he
765 3616 909 3665 takes
948 3617 1158 3665 another
1195 3617 1350 3666 view:

212 3698 573 3747 “Aristobulus
605 3698 698 3747 iste
733 3706 1064 3762 congregator
1097 3697 1245 3746 fuisse
1280 3699 1353 3745 in-

209 3779 446 3844 tellegitur
468 3781 672 3829 fratrum
697 3781 747 3829 in
773 3779 1027 3830 Christo.’'
1075 3780 1186 3828 The
1208 3780 1355 3828 latter

208 3859 573 3924 interpretation
601 3877 763 3911 seems
785 3869 839 3910 to
862 3861 991 3910 have
1023 3860 1352 3909 commended

209 3941 337 3991 itsels
362 3952 415 3991 to
447 3943 500 3992 S.
534 3945 735 4008 Jerome
767 3943 840 3992 ad
866 3943 919 3992 k.
939 3943 1007 3999 l.;
1046 3943 1131 3992 but
1162 3943 1240 3992 his
1274 3958 1353 3991 ex·

210 4022 412 4085 position
441 4025 486 4074 is
519 4034 603 4074 not
627 4027 777 4075 clear.
855 4024 1104 4074 Lansranc
1127 4025 1249 4074 cites
1272 4040 1358 4073 nec

208 4112 385 4155 ceteros.
394 4146 407 4156 .
416 4108 743 4156 utalutati'omr.

274 4200 310 4235 ι.
385 4189 829 4250 connumerandos]
917 4189 1134 4246 Ronsch,
1200 4189 1351 4249 Itala,

214 4282 258 4329 p.
292 4267 395 4318 186.

275 4363 318 4408 3.
382 4351 467 4397 sed
500 4350 620 4414 quia
663 4366 749 4401 nec
796 4353 1114 4414 nominatim]
1175 4354 1357 4416 Chrys·

214 4428 296 4477 has
329 4431 539 4478 another
576 4447 748 4481 rmson
785 4441 839 4482 to
876 4433 990 4497 give
1011 4453 1026 4482 z
1062 4435 1104 4481 εί
1141 4435 1229 4494 μὲν
1262 4436 1362 4496 γὰρ

214 4510 432 4568 ὀνομαστί
479 4513 626 4570 εἶπεν,
674 4516 785 4563 ἴσως
827 4512 890 4561 ἄν
934 4513 1275 4576 ἠγανάκτησεν
1315 4514 1361 4577 [ὁ

1593 2933 1625 2984 9
1671 2917 1892 2966 custodit
1933 2934 2052 2966 uero
2085 2919 2342 2982 apostolus
2381 2921 2603 2968 ordinem

1628 3013 1679 3048 11
1719 2998 1937 3048 dominis
1965 3001 2010 3046 C
2227 3015 2284 3050 12
2319 3017 2489 3050 eorum
2516 3004 2611 3060 (ajx

2362 3082 2419 3132 16
2453 3084 2607 3132 eccli·-

1452 3291 1833 3352 δεστότης]...τὸ
1877 3293 1976 3353 ’γὰρ
2019 3293 2104 3352 τῆς
2150 3293 2409 3351 ἐκκλησίας
2461 3294 2605 3348 ὄνομα

1452 3376 1537 3421 οὐκ
1572 3372 1772 3434 ἀφίησιν
1811 3376 1921 3425 τοὺς
1954 3375 2192 3423 δεσπότας
2225 3371 2531 3437 ἀγανακτεῖν,
2567 3381 2614 3420 ιτ

1450 3470 1513 3514 ’γε
1552 3457 1921 3516 συναριθμοῖντο
1956 3458 2052 3507 τοῖς
2085 3458 2303 3507 οἰκέταις·
2340 3457 2417 3506 καὶ
2450 3459 2547 3520 ’γὰρ
2587 3464 2607 3512 ἡ

1453 3540 1689 3596 ἐκκλησία
1732 3537 1815 3586 οὐκ
1859 3540 1983 3587 οἶδεν
2031 3539 2282 3601 δεσπότου,
2345 3537 2429 3590 οὐκ
2485 3542 2604 3589 ozffiw

1454 3623 1643 3669 οἰκέτου
1667 3623 1922 3685 διαφοράν.

1527 3702 1605 3752 16.
1663 3720 1748 3752 nec
1774 3705 1907 3753 enim
1940 3705 2329 3762 multitudinem,
2354 3705 2472 3766 δια]
2531 3708 2603 3752 Cf.

1457 3794 1493 3832 1.
1524 3798 1573 3847 p.
1614 3798 1718 3847 139,
1748 3784 1779 3832 l.
1817 3798 1890 3846 19,
1918 3795 2065 3845 note;
2100 3798 2161 3834 11.
2193 3802 2241 3850 p.
2290 3801 2398 3847 131,
2433 3794 2607 3837 notu-as

1453 3863 1553 3912 and
1601 3863 1688 3912 the
1732 3864 1954 3927 patristic
1998 3866 2230 3928 parallels
2267 3866 2511 3916 collected
2547 3869 2607 3929 1η,-

1457 3947 1646 4005 Suicer,
1675 3947 1708 3994 l.
1724 3962 1761 3994 c.
1793 3943 1863 4009 (p.
1895 3944 2054 4011 1059).

1529 4030 1602 4076 18.
1666 4027 1720 4074 in
1744 4025 2198 4086 circensibusJ=drl
2231 4028 2328 4075 τῶν
2363 4033 2611 4090 κιρκησὶων

1460 4107 1721 4173 (Epictet.‚
1794 4124 1879 4156 see
1960 4108 2115 4171 lexx.)
2182 4125 2223 4157 s.
2293 4109 2615 4172 ὶπποδρομιῷυ

1462 4190 1663 4254 (Chrys.
1718 4189 1848 4237 hom.
1903 4188 1960 4236 in
2012 4190 2246 4252 Eutrop..·
2301 4192 2394 4238 ποῦ
2449 4188 2475 4239 ὁ
2535 4193 2611 4249 τῆς

1458 4268 1648 4319 πόλεως
1708 4266 1905 4331 θόρυβος
1961 4271 2041 4317 καὶ
2099 4271 2149 4318 αἱ
2217 4272 2268 4320 ἐν
2331 4272 2607 4333 ίτποδρειι

1458 4356 1618 4412 μίαις
1655 4351 1885 4414 εὐφημίαι
1912 4354 1989 4401 καὶ
2021 4350 2116 4401 τῶν
2148 4351 2371 4402 θεατῶν
2402 4356 2453 4403 al
2476 4361 2615 4405 καλει-

1463 4437 1588 4485 κεΐαι
1609 4435 1658 4495 ;).

1533 4533 1608 4567 22.
1672 4517 1868 4566 etiamsi
1893 4516 1988 4565 duo
2020 4517 2104 4566 uel
2119 4523 2231 4577 tres,
2262 4517 2380 4580 &c.]
2435 4519 2579 4585 ComJ
2595 4549 2615 4565 ·.
