3142 5100
238 352 279 417 88
572 363 801 418 rnnooonus
832 364 1126 419 nonsuasrnnus
1296 352 1356 437 [ΙΙ.
1375 366 1403 434 5,
1418 350 1448 441 6·

243 547 248 553 '
302 541 366 605 hoc
389 545 449 615 est,
475 536 575 621 ‘quia
597 544 648 601 est
670 536 822 601 omnium
848 535 1021 614 Dominus,
1050 556 1117 599 non
1143 535 1284 599 aliomm
1308 533 1447 617 quidem

238 652 289 708 est
317 642 491 717 Dominus
517 640 658 703 aliorum
686 659 766 704 uero
791 660 858 703 non
884 651 953 718 est;
987 640 1101 722 itaque
1125 659 1191 703 non
1215 646 1265 703 est
1288 634 1449 722 possibile

239 767 315 812 eum
332 746 502 829 despicere
517 744 648 828 aliquos
666 746 761 828 quasi
778 745 906 809 alienos
922 742 1204 832 sibiaexistentes'

304 916 390 960 unm
402 906 434 959 et
448 895 608 958 mediator
620 894 687 957 Dei
699 903 731 957 et
743 894 923 971 hominum,
939 894 1031 958 Ιοονιο
1048 892 1200 959 Christus
1214 895 1313 959 Iesus.

207 1045 223 1113 5
306 1027 381 1089 ‘sed
398 1034 432 1089 et
445 1023 500 1087 ille
517 1022 682 1086 mediator
698 1025 754 1105 qui
771 1043 832 1087 nos
849 1022 1001 1087 homines
1025 1023 1101 1087 Deo
1116 1024 1278 1087 adnititur
1292 1024 1449 1105 copulare

240 1150 326 1194 unus
355 1140 406 1193 est
437 1137 472 1191 et
503 1129 574 1203 iste,
600 1137 634 1191 et
659 1127 736 1191 hinc
764 1128 857 1191 horno
883 1130 1067 1193 secundum
1098 1138 1251 1192 naturam
1282 1126 1450 1192 existens'

240 1242 428 1317 opportune
443 1231 496 1296 uel
513 1234 662 1295 maxime
677 1232 740 1296 hoc
756 1234 790 1295 in
809 1234 884 1296 loco
896 1233 1100 1296 ‘hominem'
1117 1254 1193 1297 eum
1209 1234 1351 1307 uocauit,
1363 1241 1401 1296 ut
1415 1242 1449 1294 et

241 1359 261 1402 a
284 1344 401 1400 natura
424 1339 614 1401 ostenderet
635 1338 827 1402 donationis
847 1339 1137 1417 communionem
1160 1338 1316 1401 omnibus
1338 1358 1449 1400 neces·

241 1443 327 1504 sario
343 1441 376 1504 id
392 1441 628 1506 confitentibus
644 1444 802 1525 quoniam
819 1443 1043 1507 uniuersitatis
1067 1464 1142 1525 pars
1163 1444 1313 1506 existens
1333 1461 1450 1504 secun-

189 1561 229 1609 10
241 1546 322 1608 dum
347 1553 500 1608 naturam
531 1566 743 1610 communem
774 1546 930 1609 omnibus
961 1557 1072 1628 potest
1101 1567 1162 1629 per
1197 1546 1449 1610 similitudinem

242 1660 380 1714 naturae
404 1651 621 1715 donationem
647 1661 824 1733 praestare.
869 1653 958 1715 unde
984 1652 1065 1716 illud
1092 1652 1187 1734 quasi
1215 1652 1282 1715 iam
1313 1652 1346 1714 in
1372 1671 1450 1715 con-

242 1754 420 1820 sessionem
436 1756 618 1820 deductum
634 1756 711 1820 hinc
726 1757 903 1838 accipiens
918 1756 1041 1821 adicit:

306 1901 366 1983 qui
378 1900 469 1964 dedit
485 1900 622 1985 seipsum
639 1899 882 1984 redemptionem
890 1912 953 1983 pro
967 1899 1123 1978 erunibus,
1141 1901 1359 1965 testimonium
1375 1911 1451 1966 tem·

236 2007 373 2088 poribus
385 2006 464 2070 suis

191 2156 227 2222 ις
310 2153 388 2197 nam
408 2144 442 2198 et
456 2145 520 2216 pro
538 2132 686 2197 oinnibus
703 2132 794 2197 dedit
813 2133 972 2216 seipsum
996 2153 1057 2196 nec
1077 2142 1190 2196 autem
1209 2154 1271 2216 pro
1286 2132 1456 2216 aliquibus

294 2307 308 2355 3
326 2291 460 2342 existentes
481 2293 503 2341 C
509 2292 565 2341 *H
595 2300 721 2342 exstantes
741 2291 850 2358 C(corr)
997 2290 1055 2342 oet
1073 2291 1120 2341 iste
1137 2297 1175 2340 est
1192 2288 1225 2355 τΙ
1240 2289 1348 2340 existm
1372 2291 1395 2340 C
1405 2289 1463 2339 *H

245 2385 345 2425 exstans
367 2377 388 2425 C
407 2377 483 2437 (coir)
598 2378 613 2425 8
630 2376 854 2426 communitionem
865 2375 898 2425 H
1012 2389 1028 2438 9
1044 2373 1153 2423 existens
1167 2374 1189 2424 C
1198 2374 1232 2422 H
1348 2387 1375 2423 rr
1395 2389 1455 2422 oon·

244 2459 352 2509 sessione
369 2459 403 2507 H
476 2474 503 2508 ιι
522 2457 655 2507 deductam
673 2474 689 2506 r
767 2472 797 2520 13
813 2472 865 2522 que
875 2456 931 2521 (sor
942 2456 994 2521 qui)
1006 2457 1040 2506 H
1047 2455 1061 2481 ’
1141 2469 1169 2518 ¹5
1187 2456 1254 2505 enim
1267 2452 1428 2520 (serentem)
1441 2472 1458 2503 r

278 2598 303 2650 6.
337 2606 361 2649 ct
378 2599 439 2648 hinc
456 2598 537 2660 homo]
573 2599 684 2658 Correct,
706 2598 824 2664 perhaps,
876 2597 1040 2647 hominemet
1053 2597 1136 2646 Deum
1147 2596 1244 2646 medius
1259 2594 1414 2646 confessione
1428 2596 1456 2646 in

246 2687 271 2730 e!
290 2681 330 2729 hic
351 2681 421 2729 homo
440 2680 490 2739 (καί
514 2676 581 2728 οὗτοι
599 2677 776 2741 ἅνθρισιτοςί-ι
784 2679 828 2729 the
876 2694 903 2728 se
919 2677 1046 2743 utriusque
1062 2676 1192 2728 naturae.”
1225 2678 1311 2739 Thdt,
1329 2694 1358 2727 as
1374 2679 1455 2739 usual,

248 2764 374 2812 Mediator
384 2763 438 2812 also
449 2762 470 2810 is
481 2777 537 2816 one.
549 2763 599 2811 and
612 2763 665 2812 that
680 2779 729 2812 one
744 2762 828 2811 Medi·
876 2760 997 2824 rendjusts
1013 2758 1084 2809 Th.’s
1100 2768 1235 2817 comment,
1249 2759 1300 2808 and
1316 2760 1380 2809 adds
1395 2769 1422 2809 to
1437 2760 1458 2809 it

247 2841 447 2895 ntorisaman)
481 2844 650 2907 Comprhng.
666 2844 695 2892 in
706 2845 749 2891 Ps.
765 2857 828 2904 103:
876 2842 944 2891 what
967 2857 1017 2891 was
1039 2841 1165 2906 wanting:
1191 2843 1345 2904 liutprant
1366 2842 1394 2889 tt
1415 2840 1460 2889 τὸν

250 2929 386 2978 “Christus
401 2927 607 2977 mediator...non
622 2927 681 2991 quia
693 2927 770 2983 Deus,
782 2926 827 2976 sed
877 2922 983 2985 Χριστόν
996 2919 1127 2981 ὠνόμασεν,
1139 2922 1222 2983 ἐπειδὴ
1237 2925 1360 2983 μεσίτην
1371 2925 1458 2972 tntae·

248 3011 307 3075 quia
328 3008 439 3068 hom0’‘;
467 3015 539 3059 tract.
565 3010 592 3056 in
615 3010 640 3057 S.
663 3008 759 3072 Joann.
779 3020 828 3070 ’ραι
876 3003 1355 3068 τιν’ίνονθρωτῆσαιγὰρίμεσίτενσεν.
1382 3008 1455 3058 καί...

252 3093 484 3142 “mediator...non
502 3091 527 3140 in
547 3097 668 3156 quantum
687 3091 763 3150 Deus,
783 3089 827 3139 sed
876 3089 912 3150 τῇ
931 3090 1098 3150 deleniret
1117 3088 1170 3150 τὴν
1189 3087 1376 3153 ἀνθρωπείαν
1394 3087 1459 3139 tnui·

248 3174 274 3222 in
296 3182 417 3239 quantum
439 3173 516 3222 homo
538 3180 575 3222 est
598 3171 711 3221 Christus
733 3167 829 3220 Iesus.''
878 3187 937 3231 ons,
951 3168 1458 3237 ανήροτονταίάδιάλντονείρήνηνέτραγ·

249 3255 309 3311 Th.‚
325 3255 448 3313 however,
466 3255 492 3302 in
509 3254 548 3302 his
565 3269 695 3317 eagerness
711 3259 738 3301 to
755 3252 830 3302 maire
876 3254 1023 3313 ματείσοτο.

250 3337 293 3386 the
302 3344 367 3385 most
376 3336 405 3384 os
410 3352 425 3384 a
437 3351 541 3399 passage
553 3335 634 3384 which
646 3342 736 3384 asserts
747 3351 776 3383 so
788 3351 828 3384 ex·
911 3334 963 3383 For
973 3334 1016 3383 the
1027 3334 1196 3399 complement
1210 3336 1240 3386 oi
1252 3336 1302 3386 Th.
1307 3335 1326 3387 's
1342 3337 1460 3401 tencbing

249 3418 345 3481 pressly
356 3418 398 3467 the
407 3417 500 3481 periect
513 3417 642 3480 humanity
650 3416 679 3465 oi
688 3418 742 3467 Our
750 3418 827 3477 Lord,
878 3432 912 3465 on
929 3416 978 3466 this
995 3416 1099 3480 subject,
1112 3433 1153 3466 see
1169 3416 1260 3477 below,
1274 3434 1308 3468 on
1323 3435 1346 3468 c„
1362 3419 1398 3469 iii
1413 3418 1459 3478 163

249 3499 296 3546 has
317 3496 469 3545 overlooked
495 3496 537 3544 the
559 3499 660 3544 witness
682 3497 764 3546 which
787 3496 831 3545 the
879 3500 929 3547 and
951 3497 989 3546 ior
1011 3498 1050 3547 his
1072 3499 1185 3549 doctrine
1204 3499 1234 3549 oi
1252 3500 1296 3550 the
1318 3501 1411 3550 Person
1434 3502 1464 3551 os

251 3586 313 3626 term
330 3578 430 3635 μεσίτης
446 3576 518 3625 bears
535 3582 561 3624 to
579 3576 628 3624 His
645 3584 696 3626 two
715 3585 830 3637 natures3
880 3580 973 3638 Christ,
984 3581 1017 3629 cf·
1030 3593 1048 3630 ι.
1061 3597 1087 3645 p.
1100 3582 1176 3631 lxxxi.
1189 3598 1237 3647 sq.,
1251 3583 1301 3632 and
1313 3583 1356 3633 the
1366 3599 1458 3633 comm.

250 3665 360 3708 contrusi
372 3658 433 3706 with
449 3657 488 3706 his
505 3657 635 3705 one-sided
652 3660 793 3722 exposition
806 3659 835 3708 oi
878 3662 929 3711 and
941 3669 1012 3711 notes
1023 3678 1056 3711 on
1069 3663 1135 3727 Eph.
1148 3663 1165 3712 i.
1181 3679 1283 3728 10-23‚
1297 3664 1360 3714 Phil.
1373 3665 1399 3715 ii.
1411 3663 1460 3714 6—

251 3744 284 3793 είι
307 3743 346 3790 καί
373 3741 627 3800 μεσίτης...ίνθρωτος
655 3741 697 3790 the
724 3742 832 3791 sounder
882 3741 1139 3805 11,c01.i.13-20.

251 3823 392 3886 exposition
409 3821 439 3871 ol
452 3821 571 3871 irenaeus
588 3820 632 3884 (iii.
651 3820 765 3885 rii-fini:
783 3822 832 3869 ἔδει
912 3836 936 3887 9.
971 3823 1144 3871 uniuersitatis
1156 3832 1220 3887 pars
1238 3825 1353 3886 exr‘stcns]
1393 3827 1460 3876 ‘The

251 3906 301 3966 γὰρ
316 3907 357 3953 τὸν
373 3904 476 3962 μεσίτην
492 3905 547 3951 θεοῦ
557 3920 585 3950 τε
596 3906 636 3950 καί
648 3899 780 3965 ἀνθρώπων
792 3904 832 3951 διὰ
879 3911 1002 3968 ινιιστρίτιο
1020 3904 1090 3953 tomo
1111 3905 1216 3969 belongs
1236 3915 1263 3955 to
1282 3906 1325 3956 the
1347 3908 1462 3957 universe

252 3988 295 4045 τῆς
307 3987 367 4035 iolas
379 3981 449 4048 πρὸς
466 3985 621 4045 ἑκατέρους
638 3985 783 4043 οίσειίτητοτ
801 3985 833 4032 είς
881 3987 923 4046 (τὰ
933 3984 999 4045 ὅλα),
1011 3985 1032 4033 is
1043 4001 1059 4033 a
1070 3994 1126 4049 part
1137 3985 1166 4034 oi
1174 3986 1217 4035 the
1227 3986 1338 4036 creation
1346 3987 1376 4036 oi
1384 3987 1461 4038 Gon·

253 4069 337 4129 φιλίαν
350 4070 389 4115 καί
401 4068 512 4122 ὁμόνοιαν
523 4067 577 4115 roth
594 4064 744 4127 ἀμφοτέρους
760 4083 831 4113 ουνα·
917 4086 954 4133 ¹3·
988 4070 1035 4136 qui
1042 4072 1067 4119 d.
1078 4070 1182 4135 scipsum
1194 4070 1254 4132 red]
1265 4071 1336 4129 This,
1346 4072 1429 4122 which
1440 4073 1462 4122 is

253 4152 351 4212 γαγεῖνι
370 4149 420 4197 and
438 4149 480 4198 the
496 4149 618 4212 fragment
635 4148 747 4197 ascribed
763 4156 790 4196 to
803 4150 829 4198 S.
880 4152 924 4202 the
939 4152 1012 4200 order
1026 4150 1055 4200 os
1067 4152 1109 4201 the
1122 4151 1183 4208 Glr.‚
1195 4151 1216 4201 is
1230 4154 1360 4215 preserved
1376 4153 1402 4204 in
1418 4154 1464 4204 the

256 4233 347 4295 Hilary
357 4232 536 4299 (MigneRL.
548 4244 585 4287 ιο,
596 4228 666 4294 ml:
688 4231 834 4279 “ubihomo
882 4233 915 4282 Ο.
939 4231 986 4291 L.;
1003 4231 1046 4281 the
1070 4231 1146 4297 Vulg.
1169 4240 1326 4298 transposes:
1348 4235 1414 4299 “qui
1433 4235 1459 4286 d.

258 4314 374 4361 Chattos
385 4320 429 4371 est,
442 4313 566 4377 praecedit
579 4312 697 4359 mediator
702 4312 754 4359 Dei
762 4320 836 4376 atque
881 4314 931 4363 red.
947 4312 1136 4378 semetipsum.”

256 4396 393 4452 hominum,
410 4404 436 4441 ut
454 4410 487 4443 ex
504 4404 642 4457 utroque,
660 4393 724 4442 Deo
741 4403 768 4443 et
786 4394 834 4444 ho·
919 4410 956 4458 ¹5·
990 4403 1124 4445 necantem
1133 4404 1183 4461 pro
1196 4396 1395 4461 aequitando]
1414 4400 1465 4450 See

257 4474 343 4529 mine.
375 4489 450 4521 unus
478 4473 633 4528 subsistat,
663 4471 743 4537 sitque
771 4475 836 4525 inter
881 4477 955 4543 again
974 4478 1060 4528 Petav.
1079 4478 1109 4529 de
1124 4480 1230 4529 Iuram.
1249 4478 1400 4541 (x111.'§ii)
1424 4479 1466 4530 lor
