3142 5100
109 393 139 459 V.
155 393 205 478 14]
432 405 473 455 ru
500 404 553 456 er.
575 404 629 453 ab
652 401 887 453 rruorueuu
907 403 930 452 1.
1228 389 1285 469 165

109 600 150 643 eas
162 600 179 643 a
192 579 290 643 nimia
306 580 456 642 uanitate
471 595 630 652 coercere,
646 583 680 639 et
699 583 737 639 ut
752 575 937 657 cogitatum
958 596 1054 640 suum
1076 575 1290 642 humiliantes

109 685 141 748 de
161 705 190 747 se
210 685 276 747 sint
302 683 471 746 sollicitae.
516 688 653 764 propter
675 679 739 744 hoc
763 700 871 763 neque
891 682 934 744 de
959 682 1161 763 presbyteris
1183 701 1290 765 neque

110 789 141 850 de
155 788 337 851 diaconibus
355 788 470 852 dicens
495 787 615 850 aetatis
636 795 686 848 est
707 793 920 859 memoratus,
938 786 996 848 sed
1020 787 1063 849 de
1087 785 1196 848 uiduis
1217 795 1291 848 tan-

109 902 171 967 tum,
185 914 266 976 quae
283 913 319 955 se
342 892 387 955 ob
410 892 501 955 illam
521 911 657 954 causam
683 910 785 973 quam
812 889 885 953 dixi
913 890 946 951 in
972 890 1088 952 ordine
1114 890 1290 952 uiduarum

111 997 223 1059 adscribi
240 999 470 1079 deproperant
508 995 655 1059 ostendit
670 1015 749 1057 uero
765 1003 799 1056 et
814 1014 949 1056 causam
965 994 1010 1056 ob
1025 1015 1127 1076 quam
1148 994 1291 1057 iuniores
1329 1010 1345 1078 5

111 1100 204 1163 uiduas
225 1110 440 1184 praeceperat
465 1102 602 1163 minime
623 1100 744 1183 recipi3
771 1118 840 1162 non
863 1100 942 1182 quia
966 1119 1034 1163 non
1055 1100 1099 1163 sit
1123 1097 1231 1164 fidelis
1257 1106 1292 1161 et

112 1203 180 1266 utilis
202 1205 354 1269 iuuentus
379 1206 421 1268 ad
447 1191 558 1268 studia
583 1205 753 1282 uirtutum,
779 1204 839 1267 sed
865 1203 944 1287 quia
971 1225 1038 1268 non
1063 1212 1293 1288 competenter

113 1309 211 1373 multae
231 1331 346 1375 earum
371 1311 404 1374 id
430 1311 552 1393 exequi
573 1310 748 1388 uidentur;
773 1310 933 1374 simulant
959 1320 994 1375 et
1018 1320 1132 1375 autem
1159 1331 1195 1373 se
1219 1329 1292 1392 per-

111 1411 202 1477 sistere
223 1415 257 1478 in
275 1414 440 1479 uiduitate
464 1434 523 1496 spe
546 1414 603 1477 illa
619 1415 691 1478 sola
713 1422 751 1478 ut
777 1413 1001 1479 ecclesiastico
1027 1424 1164 1498 sumptu
1189 1417 1293 1480 nutri·

112 1524 196 1581 antur.
1155 1529 1157 1532 ’
1312 1529 1352 1577 10

162 1654 223 1717 uolo
248 1678 324 1740 ergo
354 1657 495 1723 iambres
523 1659 644 1723 uzdrms
674 1657 796 1735 nubere,
825 1660 921 1745 filios
949 1671 1127 1744 procreare,
1159 1668 1294 1724 neutras·

106 1756 323 1836 familzhsesse.

162 1883 271 1962 quare?
286 1892 323 1947 ut
334 1883 516 1947 iuuentutis
527 1884 672 1967 impetus
682 1905 760 1968 erga
770 1885 948 1969 plurimam
959 1885 1224 1964 sollicitudinem,
1235 1886 1294 1951 sed

112 1998 278 2067 occupatae,
291 1988 399 2069 possit
413 2009 632 2071 compescere.
677 1988 741 2054 hoc
757 2002 870 2055 autem
886 2001 957 2055 erat
970 2011 1037 2054 non
1052 2001 1090 2055 ut
1106 1991 1294 2054 iuueniores

110 2084 208 2150 uiduas
222 2110 240 2151 a
255 2090 416 2154 uirtutum
438 2092 555 2155 studiis
575 2091 778 2170 excluderet,
793 2094 852 2157 sed
876 2103 914 2159 ut
930 2094 1037 2177 magis
1057 2114 1114 2157 eas
1131 2096 1295 2158 inuitaret.
1315 2119 1350 2186 15

111 2189 156 2269 qui
169 2193 248 2256 enim
271 2196 405 2258 dixerat
421 2201 488 2259 n'on
510 2206 663 2278 oportere
681 2197 755 2262 illas
773 2219 860 2281 quae
882 2219 944 2262 nec
963 2208 1075 2262 aetate
1091 2219 1151 2261 nec
1167 2198 1297 2261 uirtuti·

110 2292 161 2357 bus
173 2311 244 2364 sunt
263 2302 406 2365 uestitae
421 2302 455 2363 in
473 2303 588 2365 ordine
607 2302 707 2385 recipi
728 2303 904 2366 uiduarum
928 2302 1059 2367 illarum
1081 2324 1167 2385 quae
1192 2302 1297 2366 eccle-

109 2399 223 2466 siastico
241 2414 378 2486 sumptu
401 2402 542 2481 aluntur,
567 2405 632 2469 ista
651 2427 731 2469 uero
755 2406 870 2470 dicens
891 2407 1112 2490 praeparabat
1132 2428 1189 2470 eas
1210 2416 1248 2470 ut
1264 2407 1296 2470 id

109 2523 164 2568 non
182 2509 435 2593 adtemptarent
480 2507 852 2576 conuenienter-dicta
881 2512 971 2575 enim
1002 2512 1089 2576 illius
1120 2511 1178 2576 illa
1203 2512 1297 2595 cupit

107 2627 157 2689 per
178 2614 286 2676 omnia
311 2614 508 2678 confirmare
532 2623 569 2678 ut
596 2615 652 2678 illa
674 2636 761 2698 quae
782 2624 940 2698 oportent
961 2615 1162 2681 custodiant.
1206 2617 1297 2679 unde
1313 2643 1357 2691 20

107 2731 142 2774 ne
164 2715 324 2781 uideretur
350 2718 392 2780 ad
416 2716 552 2800 plenum
570 2718 720 2795 deuitare
746 2718 932 2783 iuueniores
951 2719 1069 2782 uiduas
1093 2740 1180 2803 quae
1200 2728 1299 2783 caute

106 2815 197 2881 uitam
212 2839 304 2901 suam
320 2821 508 2899 instituunt,
523 2824 687 2906 sequitur:

148 2973 311 3034 saetatesH
413 2975 668 3038 5etomC(corr)r
783 2973 983 3027 6uiduasomr
1103 2973 1303 3039 arautemlfor

104 3054 208 3115 ergolH
285 3073 314 3119 14
329 3055 375 3105 sed
387 3054 543 3121 (bcfoecup.)
555 3055 656 3121 omrll
671 3056 850 3122 occupatusrl
865 3055 1000 3123 possintll
1014 3056 1122 3107 iuniores
1132 3057 1189 3107 Ην
1271 3070 1300 3121 17

103 3130 185 3183 uirtute
197 3136 253 3200 (sor
261 3138 374 3197 nestitae)
388 3136 426 3186 θ’
440 3139 473 3187 Η
500 3147 603 3189 ornatae
616 3137 925 3204 C(corr)rlordinemr
1002 3155 1031 3204 19
1048 3140 1307 3205 illaslforilliuslli

104 3225 131 3261 ao
145 3226 241 3280 oportet
251 3234 268 3266 r
363 3234 391 3268 rr
410 3234 461 3268 non
476 3219 533 3282 (sor
543 3221 585 3282 ne)
597 3219 629 3285 rl
644 3221 753 3271 iuniores
763 3237 779 3270 r
877 3237 908 3272 cc
925 3221 1017 3272 adiecit
1026 3221 1084 3286 (sor
1093 3221 1214 3286 sequitur)
1226 3220 1260 3270 H

135 3378 154 3413 r.
197 3365 327 3429 cogitatum
357 3381 378 3414 s.
409 3365 582 3429 humiliantes]
625 3366 666 3416 Cl.
720 3367 820 3417 nestitae
830 3366 911 3432 might
926 3367 1003 3432 easily
1014 3367 1080 3417 have
1091 3367 1156 3417 been
1166 3367 1303 3417 converted

103 3453 179 3509 supra,
191 3463 215 3510 p.
233 3446 371 3511 163‚1.15.
721 3449 775 3498 into
798 3450 898 3509 adnm,
923 3448 967 3498 the
988 3465 1058 3500 more
1074 3464 1103 3500 so
1121 3465 1148 3500 as
1167 3449 1210 3498 the
1226 3449 1303 3513 slight

132 3541 154 3575 r.
184 3544 262 3592 neque
278 3530 305 3579 de
323 3529 482 3594 presbytero]
512 3530 562 3580 See
579 3531 668 3590 above,
721 3530 906 3579 awkwardness
917 3529 946 3579 os
954 3530 997 3579 the
1008 3531 1077 3580 word
1094 3531 1120 3580 in
1135 3531 1185 3580 this
1201 3538 1303 3582 context

104 3623 164 3658 mv.
178 3625 202 3675 9.
722 3611 806 3660 would
818 3612 882 3661 have
893 3610 935 3660 led
947 3611 989 3661 the
1000 3612 1093 3662 scribes
1105 3622 1131 3662 to
1143 3620 1244 3677 suspect
1255 3613 1283 3664 it.

133 3706 168 3740 rr.
201 3693 321 3756 iunhrn]
356 3694 422 3744 Cod·
445 3694 540 3743 Amiat.
554 3693 600 3744 has
613 3694 673 3744 here
759 3708 796 3758 19.
830 3691 1016 3756 adtemptarent.
1049 3693 1228 3754 conuenienter,
1243 3693 1303 3756 dcc]

103 3770 142 3824 lhe
152 3774 213 3825 lorm
228 3777 246 3800 “
254 3775 394 3826 iuueniores
401 3774 416 3798 ‘¹
430 3776 470 3835 (cl.
480 3785 566 3841 supra,
577 3792 600 3841 p.
618 3776 672 3842 163,
724 3773 797 3824 Read
808 3774 916 3840 perhaps
933 3775 1114 3840 adtemptarent
1129 3776 1302 3826 inconuenim·

103 3857 118 3905 l
130 3873 142 3921 5
152 3858 200 3907 aud
212 3858 286 3923 again
295 3859 386 3919 below,
400 3858 419 3907 l.
432 3861 482 3920 τι).
724 3862 778 3913 tem·
794 3857 868 3912 detta,
881 3856 926 3905 dcc.

138 3940 227 3989 Viduas
251 3940 397 3991 isomitted
413 3941 448 4005 by
469 3941 512 3991 the
528 3940 603 3991 Latin
619 3957 672 3991 ver·
757 3953 798 3987 ar.
831 3937 999 3987 manderetur
1008 3938 1161 4003 adplenum,
1175 3938 1234 4001 dte]
1260 3939 1303 3989 Cf.

104 4020 174 4077 sicum
192 4023 237 4072 but
258 4023 335 4085 χήρας
349 4022 372 4072 is
386 4021 463 4071 found
476 4021 501 4071 in
519 4022 562 4071 the
579 4030 631 4072 text
647 4021 679 4070 ot'
723 4019 824 4083 Chrys:
841 4020 928 4067 κωλύει
936 4020 1013 4067 τοίνυν
1026 4016 1071 4069 τὰς
1081 4022 1159 4083 χήρας
1169 4017 1209 4070 τὰς
1224 4022 1304 4069 τοιαύ-

106 4100 186 4164 Chrys.
209 4102 261 4151 and
283 4103 370 4163 Tude,
396 4103 446 4151 and
472 4117 523 4152 was
545 4100 674 4151 doubtless
723 4116 774 4160 rer,
789 4100 1302 4165 οὐβονλόμενοςμὴεϊναιχήμαςνεωτέρας,

105 4185 157 4235 read
167 4186 199 4250 by
209 4186 261 4235 Th.
724 4180 792 4232 ἀλλὰ
805 4181 841 4243 μὴ
856 4182 1002 4247 βουλόμενος
1015 4187 1161 4246 μοιχαλίδα
1178 4187 1304 4237 εἴναι...ὦς

134 4283 168 4330 ra
203 4266 414 4331 ut...compcscere]
440 4266 573 4317 lanfranc.
595 4265 670 4315 Sed:
725 4268 749 4315 el
767 4266 803 4327 μή
823 4263 930 4315 τοιοῦτον
954 4267 1054 4327 ἐγένετο,
1075 4269 1117 4317 cdx
1138 4265 1167 4317 ἂν
1188 4269 1302 4322 ἐκώλυεν.

104 4361 137 4407 ‘tc
170 4347 207 4398 Or
217 4348 280 4398 read
291 4348 467 4411 rcdoccupatae.
726 4348 817 4398 Ambr.
834 4347 864 4398 dc
877 4347 927 4397 uid.
944 4363 976 4397 a:
996 4350 1073 4398 “non
1087 4357 1148 4414 puto
1162 4351 1229 4414 quod
1241 4351 1304 4402 iuni-

133 4445 168 4493 17.
200 4431 313 4493 nestitae]
345 4431 449 4496 Ipreser
460 4431 510 4481 this
522 4439 548 4480 to
557 4430 601 4481 the
614 4447 673 4482 con·
725 4447 782 4481 oras
799 4430 952 4481 reuocandas
973 4432 1067 4496 putarit
1084 4448 1099 4481 a
1117 4432 1247 4483 uiduitatis
1269 4433 1304 4484 al·

102 4507 189 4571 lecture
215 4513 246 4563 ol
255 4513 310 4577 „the
334 4512 427 4563 Corbie
450 4518 583 4573 corrector,
604 4511 675 4561 since
725 4511 818 4563 sectu.'’
852 4511 919 4562 Both
938 4511 996 4562 Chr.
1017 4513 1068 4562 and
1085 4513 1174 4565 Ambr.
1195 4514 1244 4567 cite
1261 4515 1306 4567 the
