3142 5100
270 372 331 435 126
607 382 836 434 rnaooonus
859 378 1152 434 uorsunsrnuus
1353 360 1432 447 [ΙΙΙ.
1449 363 1478 424 8.

264 558 297 622 in
324 562 479 639 apertum
505 555 711 620 consisteret
757 553 1003 620 intendendum
1030 573 1111 618 uero
1135 560 1186 617 est
1211 551 1255 616 de
1277 561 1391 616 cetero
1413 551 1478 615 illis

264 681 351 744 quae
377 662 420 726 de
444 661 642 726 diaconibus
668 662 760 736 dicit,
786 682 865 726 curn
890 661 1029 725 euidens
1055 660 1100 724 sit
1126 658 1218 736 illud,
1237 658 1399 740 quoniam
1420 657 1478 722 illa

264 784 351 847 quae
374 762 417 830 de
441 766 607 848 episcopis
621 765 712 829 dicta
734 773 824 843 sunt,
841 764 884 830 de
907 763 972 828 illis
994 763 1053 847 qui
1075 783 1164 827 nunc
1185 763 1370 845 presbyteri
1394 782 1480 826 nun-

264 878 431 950 cupantur
456 866 563 932 uoluit
589 867 775 951 significari.
835 888 922 951 quae
945 865 999 929 uel
1031 866 1181 930 maxime
1206 865 1410 929 conueniunt
1431 864 1478 928 ad

236 991 422 1061 5praesens
445 980 483 1035 ut
505 990 583 1034 cum
606 970 698 1034 omni
720 969 896 1053 diligentia
918 969 1138 1033 obseruentur
1158 969 1202 1063 ab
1224 967 1288 1031 illis
1310 968 1368 1050 qui
1388 987 1480 1033 nunc

266 1073 413 1158 episcopi
437 1083 679 1157 nuncupantur,
695 1083 793 1138 tanto
811 1074 973 1137 intentius
987 1081 1116 1155 quanto
1131 1080 1166 1135 et
1182 1072 1342 1135 maiorem
1358 1070 1481 1135 suncti·

264 1200 365 1244 onem
390 1180 603 1243 commissam
628 1177 752 1242 habere
776 1179 940 1242 uidentur.
985 1176 1065 1260 quid
1092 1197 1173 1259 ergo
1198 1176 1301 1240 dicit:
1328 1176 1482 1240 diaconos

264 1282 444 1347 similiter?
482 1280 576 1346 illum
591 1281 743 1345 ordinem
760 1280 1006 1363 propemodum
1029 1287 1064 1343 et
1085 1278 1152 1343 hoc
1174 1280 1209 1342 in
1231 1278 1307 1343 loco
1326 1299 1483 1343 seruasse

266 1385 399 1450 uidetur
414 1407 513 1470 quem
530 1388 574 1450 de
597 1385 791 1450 mulieribus
813 1387 947 1450 dixerat
968 1394 1001 1449 et
1020 1385 1107 1449 uiris.
1153 1406 1232 1449 nam
1256 1393 1291 1449 et
1311 1385 1369 1449 illa
1390 1406 1484 1468 quae

216 1489 309 1560 rode
332 1490 411 1554 uiris
433 1492 586 1573 primitus
608 1491 732 1567 dicens,
758 1491 902 1555 adiecit:
930 1490 1087 1554 similiter
1107 1499 1215 1553 natm
1246 1500 1278 1555 et
1302 1490 1456 1554 mulieres
1468 1515 1485 1564 ,-

265 1593 448 1657 ostendens
470 1595 629 1677 quoniam
657 1592 714 1657 illa
737 1614 826 1676 quae
846 1594 1007 1657 uirtutum
1038 1601 1125 1671 sunt,
1148 1614 1328 1657 commune
1349 1592 1394 1657 ad
1421 1614 1487 1657 eos

266 1697 340 1761 uult
355 1700 528 1781 pertinere.
573 1698 637 1763 hoc
659 1699 748 1762 idem
773 1718 854 1762 uero
877 1698 955 1762 lecit
973 1706 1008 1761 et
1026 1698 1090 1761 hoc
1110 1698 1145 1760 in
1169 1695 1264 1775 loco;
1287 1697 1403 1760 dicens
1425 1695 1488 1761 illa

264 1820 353 1883 quae
368 1811 447 1866 tunc
464 1803 505 1866 de
521 1802 685 1886 episcopis
700 1803 833 1867 dixerat
848 1802 905 1885 qui
922 1823 1010 1867 nunc
1025 1803 1239 1866 nominantur
1254 1801 1487 1885 ‘presbyteri’

266 1904 389 1970 adicit:
410 1905 559 1971 diaconos
579 1907 758 1984 similiter;
779 1906 846 1971 hoc
866 1916 926 1983 est,
951 1908 1128 1972 ‘uniuersa
1146 1928 1233 1991 quae
1255 1908 1299 1971 ad
1322 1907 1487 1972 uirtutem

216 2029 252 2097 ¹5
267 2010 443 2091 pertinent,
459 2011 613 2076 similiter
626 2021 661 2077 et
676 2011 728 2076 his
748 2012 867 2077 adesse
882 2011 999 2096 cupio!
1037 2012 1160 2077 deinde
1174 2012 1298 2078 adicit:

324 2168 470 2250 pudicos.

335 2297 422 2360 iusta
432 2298 568 2375 ratione,
582 2298 723 2381 eoquod
734 2299 938 2364 mediatores
950 2300 1088 2384 quidem
1101 2310 1135 2365 et
1148 2299 1290 2364 ministri
1302 2298 1490 2362 functionis

268 2399 482 2463 sacerdotalis
505 2420 572 2464 non
595 2400 704 2464 solum
727 2422 808 2484 erga
830 2402 918 2466 uiros
941 2412 1036 2468 erant
1059 2404 1175 2469 sedet
1199 2423 1279 2487 erga
1304 2403 1490 2479 mulieres;

269 2503 452 2568 necessarie
468 2509 548 2588 ergo
564 2525 622 2569 eos
638 2503 723 2570 tales
739 2525 812 2569 esse
827 2505 1059 2572 conueniebat

215 2685 258 2733 20
335 2681 398 2724 mm
414 2659 580 2743 bilingues.

333 2797 367 2853 et
389 2788 454 2853 hoc
479 2790 566 2853 iusta
586 2789 667 2855 dicit
690 2789 840 2868 ratione;
861 2788 890 2854 sl
913 2791 1003 2855 enirn
1026 2790 1180 2856 deferunt
1203 2790 1260 2856 illa
1279 2811 1369 2875 quae
1389 2811 1491 2855 man·

270 2889 393 2957 dantur
421 2914 442 2957 a
471 2894 674 2977 presbyteris
704 2896 775 2959 siue
805 2895 883 2959 uiris
913 2896 984 2960 siue
1021 2896 1215 2961 mulieribus
1244 2897 1288 2961 ad
1326 2917 1414 2980 quos
1454 2905 1492 2961 et

323 3062 333 3096 1
352 3045 487 3096 consistere
498 3044 532 3094 H
674 3061 688 3110 3
705 3052 766 3095 tunc
782 3045 840 3110 (fier
850 3046 925 3103 nuncl
940 3046 962 3098 C
969 3048 1045 3110 (corr)
1063 3046 1095 3104 rl
1110 3049 1260 3115 presbiteros
1271 3050 1316 3100 Cr
1340 3050 1493 3116 presbiteris

271 3127 305 3178 H
315 3125 319 3190 Ι
332 3127 504 3192 gubernabant
522 3127 557 3177 ita
576 3132 605 3178 ut
622 3136 704 3178 essent
722 3134 782 3177 tunc
797 3144 841 3193 per
858 3128 968 3194 singulas
990 3130 1132 3195 prouincias
1153 3130 1244 3196 singuli
1267 3132 1317 3198 (ast
1336 3133 1492 3198 presbyteri)

270 3209 323 3259 add
342 3209 437 3259 CHr:
453 3225 489 3258 sce
501 3216 530 3273 p.
556 3224 609 3273 ¹²3·
629 3210 646 3260 1.
669 3225 690 3269 r,
710 3208 782 3274 note!
797 3219 969 3276 nuncupantes
988 3212 1265 3277 CrnuncupanterH
1417 3223 1489 3276 set,

271 3292 462 3341 obsemanturr
575 3290 590 3340 8
607 3289 633 3338 in
652 3288 774 3340 hocloco
793 3290 828 3340 H
842 3307 858 3338 r
964 3307 990 3343 11
1009 3291 1127 3342 uirtutem
1140 3292 1248 3353 C(corr)
1351 3308 1380 3343 rr
1399 3294 1494 3345 inhoc

271 3373 328 3423 loco
342 3373 390 3424 Cr
497 3385 529 3422 ao
545 3371 671 3437 bilinguos
684 3370 721 3421 C·
829 3388 860 3422 ar
879 3372 944 3424 iusta
954 3390 974 3423 r.
986 3375 1051 3425 d.C
1168 3390 1198 3425 aa
1215 3374 1382 3426 admittuntur
1394 3376 1493 3442 (soret

271 3454 384 3519 mitt.)C
396 3469 413 3503 r

307 3598 330 3647 3.
364 3599 441 3649 nunc,
467 3581 660 3648 nuncupantur]
700 3583 748 3634 See
766 3599 805 3633 vv.
827 3583 853 3633 ll.
941 3583 979 3635 16.
1007 3585 1123 3651 pudicos]
1146 3585 1195 3637 See
1206 3586 1287 3636 above
1298 3601 1332 3635 on
1344 3602 1368 3638 v.
1379 3602 1406 3651 3.
1437 3590 1495 3641 Th.

279 3668 355 3728 Tunc,
370 3673 554 3731 nuncupantem
568 3682 610 3716 are
621 3667 771 3716 corrections
780 3667 854 3717 made
904 3665 926 3717 is
938 3667 1055 3718 followed
1066 3669 1101 3733 by
1111 3668 1190 3717 Thdt.
1204 3668 1229 3717 in
1241 3669 1376 3735 regarding
1387 3678 1497 3732 caprosis

275 3749 453 3812 subsequently
469 3755 495 3797 to
512 3747 556 3797 the
572 3748 749 3814 interpolation
765 3748 795 3798 ol
805 3765 853 3815 gu-
903 3750 1098 3811 εετσώφρονας.
1133 3749 1164 3799 ln
1173 3749 1212 3799 his
1220 3750 1331 3814 singular
1337 3752 1495 3818 interpreta-

274 3830 419 3887 bernabant,
432 3846 469 3895 sq.
904 3832 959 3881 tion
970 3830 1000 3881 ol
1013 3832 1057 3881 the
1075 3828 1117 3882 cir.
1140 3833 1196 3894 λεγ.
1216 3833 1328 3892 atticus
1347 3833 1381 3884 he
1399 3838 1497 3886 stands

307 3926 332 3978 9.
363 3909 594 3973 namnidaize]
626 3909 855 3962 I.e.deaconsare
904 3910 986 3961 alone.
1023 3909 1049 3959 lt
1059 3926 1141 3960 seems
1152 3920 1179 3960 to
1193 3911 1334 3962 bavebeen
1351 3919 1495 3979 suggested

275 3996 410 4047 addressed
421 3992 484 4043 alter
500 3994 640 4057 presbyters
653 4008 683 4042 or
698 3993 811 4058 bishops‚
826 4009 854 4043 as
903 3992 938 4056 by
949 3991 1012 4042 facts
1022 3991 1105 4042 which
1116 3993 1168 4042 had
1178 3992 1255 4043 fallen
1265 3993 1355 4044 within
1370 3995 1414 4047 his
1432 4014 1497 4050 own

275 4080 353 4143 being
368 4077 433 4127 their
449 4075 571 4132 inferiors.
588 4075 615 4124 in
636 4074 689 4125 like
706 4090 811 4124 manner
827 4089 855 4123 as
904 4074 1102 4140 experienoetet.
1115 4091 1140 4140 p.
1157 4084 1212 4136 127,
1226 4074 1245 4124 l.
1257 4076 1294 4137 4).

277 4156 574 4211 womenareaddrassed
585 4155 727 4206 altermen.
761 4156 810 4205 But
827 4155 854 4205 in
942 4159 979 4209 18.
1012 4158 1088 4208 sedet
1101 4175 1158 4223 erga
1168 4158 1293 4220 mulr'eres]
1310 4159 1498 4229 Thisdepm.

276 4243 339 4295 each
356 4257 412 4292 case
430 4240 500 4290 there
516 4255 558 4289 are
576 4238 656 4287 moral
674 4237 756 4287 duties
772 4238 856 4288 which
905 4251 975 4290 ment
991 4240 1022 4290 ol
1035 4241 1078 4291 the
1095 4240 1213 4293 deacon’s
1224 4243 1287 4308 duty
1299 4258 1351 4293 was
1362 4253 1420 4304 not,
1433 4264 1465 4298 as
1477 4251 1498 4300 it

277 4323 371 4385 belong
381 4327 408 4371 to
419 4318 482 4369 both
493 4319 584 4369 classes
594 4317 675 4368 alike:
692 4316 725 4366 cl.
742 4316 857 4368 ὡσαύτως
905 4336 994 4384 seems,
1014 4322 1120 4389 entirely
1139 4324 1290 4375 transferred
1312 4332 1341 4374 to
1363 4326 1410 4377 the
1434 4330 1498 4381 dm.

278 4405 317 4453 nal
334 4404 450 4463 γυναῖκας
467 4401 500 4461 lc·
513 4401 539 4450 ii.
551 4398 585 4464 9),
606 4401 727 4453 διακόνους
744 4400 857 4451 ὡσαύτω
905 4417 1001 4465 coness,
1023 4417 1087 4454 even
1109 4403 1136 4454 ln
1156 4404 1199 4456 the
1222 4405 1292 4455 East.
1336 4405 1377 4457 Cl.
1401 4408 1493 4474 insta,

279 4486 311 4548 (c.
324 4486 359 4534 iii.
372 4486 407 4543 8).
677 4522 682 4530 .
906 4499 930 4547 p.
950 4487 1002 4543 128,
1017 4485 1032 4532 l.
1050 4497 1086 4546 rr,
1100 4491 1169 4535 note.
