3142 5100
542 388 670 470 316
1504 397 1881 448 APPENDIX
1928 399 1993 448 A.

539 574 706 651 quod
735 575 815 635 ab
842 590 917 634 eo
944 571 1272 650 regebatur,
1301 572 1382 632 ab
1403 590 1478 632 eo
1505 572 1586 631 ad
1614 570 1893 633 uirtutem
1922 571 2368 650 propositorum
2398 571 2824 639 confortabatur,
2843 572 2916 630 ab

544 692 616 732 ct]
668 676 740 732 :ul
792 672 939 732 haec
971 690 1128 748 quae
1166 672 1484 748 oportebat
1522 673 1869 746 ducebatur,
1917 673 1997 731 ab
2037 691 2113 732 eo
2151 671 2317 749 quod
2347 672 2603 731 decebat
2628 671 2919 729 docebatur

543 792 568 824 η
584 772 616 824 h
664 792 736 828 ω
788 767 1247 847 cogitationibus
1284 769 1777 829 corroborabatur
1817 779 1882 828 ut
1923 769 2001 828 ad
2038 780 2268 828 tantum
2310 779 2615 828 certamen
2641 767 2918 825 sufficeret.

540 868 708 924 aii-nii
760 880 816 924 et
862 868 1075 926 beatus
1118 863 1265 924 dicit
1300 866 1548 925 Paulus:
1590 868 1926 941 quicumque
1959 868 2110 924 enim
2147 867 2383 941 Spiritu
2417 866 2546 924 Dei
2579 874 2825 941 aguntur,
2857 865 2931 923 lei

480 988 508 1040 [ες
544 976 672 1020 misr
692 966 825 1036 ,xiiii
849 964 1060 1033 Dei*,·
1099 962 1238 1023 duci
1268 961 1487 1039 Spiritu
1524 963 1734 1025 dicens
1770 962 1907 1024 illos
1946 963 2050 1039 qui
2093 964 2172 1022 ab
2202 982 2277 1022 eo
2311 965 2724 1040 gubernantur,
2754 963 2821 1022 ab
2848 981 2923 1022 eo

544 1068 844 1134 timasium,
875 1061 952 1121 ab
982 1080 1057 1122 eo
1085 1061 1166 1121 ad
1194 1059 1406 1121 melius
1433 1060 1893 1135 constituuntur,
1914 1061 1993 1121 ab
2021 1080 2096 1121 eo
2125 1060 2599 1138 competentium
2621 1059 2922 1121 doctrinam

540 1164 857 1236 :ir-cipiunt.
941 1179 1080 1218 cum
1124 1157 1370 1219 dixisset
1407 1170 1611 1217 autem
1650 1158 2015 1236 euangelista
2050 1160 2217 1236 quod
2255 1161 2493 1236 Spiritu
2531 1167 2713 1219 sancto
2738 1161 2926 1237 plenus

540 1280 716 1328 nysa-:r
732 1280 816 1316 ms
851 1263 935 1317 est
966 1277 1006 1315 a
1032 1258 1288 1316 Iordane
1302 1255 1353 1328 †,
1384 1266 1591 1332 aperte
1621 1254 2051 1315 demonstrauit
2088 1257 2255 1333 quod
2283 1256 2462 1316 huius
2490 1276 2668 1316 causa
2699 1254 2930 1332 Spiritus

541 1356 724 1412 ‹mu-ti
771 1353 1198 1416 habitationem
1237 1352 1300 1413 in
1337 1351 1698 1430 baptismate
1736 1351 2018 1431 suscepit,
2048 1365 2114 1414 ut
2141 1353 2284 1415 inde
2312 1354 2678 1433 propositam
2707 1364 2931 1431 mperet

444 1484 504 1516 12:
544 1456 830 1512 uirtuti-rn-
916 1452 1079 1513 unde
1109 1463 1169 1512 et
1196 1453 1276 1512 ad
1304 1463 1608 1512 certamen
1638 1451 1786 1512 illud
1826 1454 1994 1529 quod
2030 1472 2140 1530 pro
2169 1452 2343 1514 nobis
2380 1465 2507 1514 erat
2534 1454 2612 1513 ad
2640 1451 2924 1513 diabolum

578 1552 680 1608 rm?
692 1564 704 1608 ι
716 1572 744 1608 n
756 1568 850 1608 rus
878 1546 1102 1625 Spiritu
1132 1548 1476 1609 ducebatur.

588 1808 632 1856 ῖ-
724 1788 879 1864 {Act
914 1787 1103 1846 Cone.
1133 1787 1256 1847 CP.
1292 1782 1347 1844 ii.
1384 1803 1461 1844 ιν.
1500 1803 1530 1862 7
1566 1786 1710 1867 (“et
1738 1798 1875 1864 post
1903 1784 2022 1847 alia
2044 1787 2112 1866 '’).
2202 1787 2334 1864 Vig.
2373 1805 2426 1863 7.
2515 1788 2705 1863 Pelag.
2730 1786 2763 1844 L
2790 1781 2881 1865 c.].

668 1920 680 1972 l
704 1928 879 1976 imant
902 1915 1077 1994 igitur
1093 1914 1268 1977 nobis
1285 1915 1554 1976 omnium
1573 1914 2024 1994 sapientissimi:
2054 1915 2104 1976 si
2121 1937 2231 1994 pro
2249 1937 2426 1977 sensu
2446 1915 2690 1978 domino
2705 1915 2933 1976 Christo

540 2016 636 2088 qul
692 2028 776 2072 cst
825 2013 1154 2072 secundum
1198 2032 1440 2072 carnem
1487 2011 1679 2073 deitas
1722 2015 1880 2074 facta
1915 2024 2089 2088 esset,
2127 2013 2280 2074 sicut
2312 2014 2539 2088 dicunt,
2579 2013 2724 2090 quid
2757 2010 2934 2073 sancti

540 2112 784 2184 rapimus
822 2108 1248 2186 cooperatione
1285 2111 1365 2170 ad
1403 2110 1551 2170 haec
1592 2109 1864 2172 Christus
1901 2109 2253 2189 indigebat?
2292 2130 2406 2172 nec
2442 2110 2603 2171 enim
2643 2106 2933 2187 Unigeniti

444 2228 456 2264 1
476 2228 504 2280 f.
540 2209 720 2264 &siun-2
776 2205 993 2284 Spiritu
1034 2205 1343 2285 indigebat
1375 2208 1455 2268 ad
1492 2207 1990 2280 iustificationem,
2022 2207 2244 2285 Spiritu
2272 2206 2579 2286 indigebat
2605 2209 2683 2268 ad
2710 2207 2935 2266 uincen-

540 2308 676 2364 dnm
712 2307 1034 2379 diabolum,
1066 2305 1286 2383 Spiritu
1315 2305 1622 2384 indigebat
1648 2307 1727 2367 ad
1756 2307 2061 2383 operanda
2083 2305 2382 2378 miracula,
2407 2305 2629 2384 Spiritu
2647 2305 2932 2382 indigebat

536 2420 596 2460 nt
632 2408 939 2464 ι,1ι,.η,-ι;ι·εειιι·
968 2423 1040 2464 ea
1066 2423 1220 2481 quae
1249 2403 1505 2464 decebat
1533 2422 1829 2481 peragere,
1860 2402 2080 2481 Spiritu
2108 2402 2417 2482 indigebat
2442 2414 2510 2464 ut
2537 2404 2932 2464 immaculatus

536 2504 855 2576 adpareret.
930 2499 980 2561 si
1008 2499 1169 2562 enirn
1197 2518 1306 2578 pro
1335 2517 1513 2560 sensu
1542 2499 1788 2577 quidem
1817 2500 2025 2572 deitaS,
2056 2499 2386 2562 sufficiebat
2413 2513 2615 2562 autem
2642 2502 2723 2562 ad
2748 2499 2933 2561 omnia

536 2604 660 2656 uma
696 2600 892 2671 uirtus,
924 2619 1170 2661 necesse
1199 2610 1321 2660 erat
1347 2597 1491 2660 inde
1520 2599 1723 2658 omnia
1751 2598 1893 2670 fieri,
1924 2610 1989 2659 ut
2028 2600 2329 2676 superflua
2360 2610 2519 2659 esset
2551 2599 2743 2658 sancti
2778 2597 2935 2675 Spiri-

436 2720 508 2756 ες.
540 2716 628 2752 [urz
662 2695 960 2757 habitatio,
1048 2698 1157 2757 sed
1185 2715 1346 2755 nunc
1374 2707 1625 2754 unctum
1652 2714 1784 2755 esse
1811 2694 1957 2756 dicit
1983 2695 2180 2772 ipsum
2209 2695 2427 2772 Spiritu
2464 2706 2524 2755 et
2560 2696 2852 2756 habitasse
2875 2693 2929 2753 in

536 2816 608 2852 uri
648 2796 926 2873 &paritum
962 2807 1023 2855 et
1063 2795 1142 2853 ad
1180 2793 1384 2854 omnia
1419 2792 1739 2853 adiuuasse
1776 2792 2100 2870 proposita,
2131 2805 2192 2854 et
2220 2792 2556 2854 doctrinam
2585 2792 2727 2854 inde
2754 2792 2934 2869 ipsum

536 2897 838 2969 &sivisse
865 2903 925 2954 et
952 2892 1250 2965 uirtutem,
1270 2902 1329 2953 et
1357 2890 1501 2953 inde
1528 2892 1877 2970 impetrasse
1904 2891 2387 2954 iustificationem
2415 2904 2475 2953 et
2502 2892 2647 2953 inde
2674 2892 2935 2951 immacu-

540 2997 712 3049 littura]
752 2993 967 3051 factum
996 3009 1143 3052 esse.

668 3213 720 3265 Ξ.
808 3205 963 3290 [Act.
1001 3209 1187 3269 Cone.
1223 3207 1343 3267 CP.
1378 3202 1434 3264 ii.
1469 3222 1547 3264 iv.
1581 3225 1617 3283 9
1653 3204 1715 3284 (“
1733 3204 2005 3265 eiusdem
2033 3203 2343 3266 Theodori
2370 3224 2444 3265 ex
2472 3203 2648 3266 tertio
2676 3204 2826 3264 libro

1043 3314 1257 3364 contra
1283 3302 1535 3380 impium
1565 3301 2003 3379 Apollinarium
2022 3303 2097 3381 '’).
2187 3302 2322 3381 Vig.
2355 3300 2436 3383 9].

660 3441 835 3497 ismm
872 3435 1048 3515 igitur
1087 3434 1282 3495 uirum
1317 3433 1380 3493 in
1413 3454 1536 3512 quo
1575 3436 1780 3495 statuit
1809 3434 2080 3496 omnium
2110 3436 2304 3495 facere
2330 3433 2631 3506 iudicium,
2661 3436 2744 3495 ad
2771 3434 2929 3493 fidem

436 3561 460 3597 Ξ
476 3561 504 3613 5
540 3541 588 3593 [ι]
604 3553 862 3594 [urorum
888 3554 1029 3593 cum
1056 3532 1462 3593 resuscitasset
1492 3552 1632 3591 eum
1659 3552 1736 3592 ex
1764 3532 2012 3592 mortuis
2040 3543 2101 3592 et
2129 3532 2389 3593 iudicem
2415 3532 2686 3592 omnium
2710 3533 2935 3593 demon·

540 3646 772 3693 sinisset
796 3633 1123 3695 secundum
1141 3629 1304 3692 beati
1324 3630 1495 3691 Pauli
1517 3631 1733 3692 uo'cem
1746 3631 1798 3708 ‡,
1820 3629 2032 3693 merito
2051 3630 2282 3693 unitate
2298 3632 2374 3692 ad
2392 3631 2656 3708 seipsum
2675 3631 2930 3710 dignatus

536 3749 620 3793 cst
652 3757 660 3801 ;
704 3749 756 3793 ct
804 3750 908 3809 per
949 3727 1435 3790 coniunctionem
1480 3730 1556 3789 ad
1603 3748 1669 3788 se
1710 3730 1930 3789 factam
1967 3728 2177 3790 talium
2219 3729 2568 3808 participem
2601 3730 2744 3791 fecit
2779 3740 2841 3790 ut
2880 3738 2932 3787 et

536 3828 899 3889 .;·nlfflatinnis
953 3824 1444 3887 communionem
1490 3826 1754 3899 haberet,
1798 3825 2079 3887 omnibus
2124 3827 2367 3904 quidem
2415 3823 2660 3887 diuinae
2709 3839 2930 3887 naturae

536 3929 800 3985 demtum
825 3922 1238 3984 adorationem
1267 3921 1668 3995 reddentibuS,
1699 3922 2347 4001 comprehendentibus
2372 3933 2575 3983 autem
2603 3921 2929 3983 adoratione

436 4053 508 4109 ὃς,
536 4041 590 4081 m:
628 4029 788 4081 illurn
820 4042 997 4100 quem
1027 4019 1496 4099 inseparabiliter
1524 4019 1635 4080 scit
1662 4019 1775 4081 sibi
1803 4019 2206 4081 coniunctum.
2294 4040 2368 4080 ex
2403 4038 2527 4097 quo
2566 4020 2925 4081 manifestum

539 4141 620 4181 nst
656 4125 816 4197 [mod
844 4121 922 4182 ad
951 4118 1177 4181 maiora
1204 4138 1342 4180 eum
1369 4117 1663 4196 perduxit.

636 4313 660 4353 ἦ
700 4297 744 4341 'm
784 4293 900 4357 [fir
928 4291 1016 4354 ad)
1051 4293 1103 4341 V
1258 4312 1289 4354 4
1323 4291 1456 4341 enim
1490 4306 1568 4339 om
1606 4291 1657 4339 V
1815 4304 1889 4353 13,
1923 4303 1978 4353 15
2014 4289 2252 4340 diuinitas
2276 4291 2329 4339 P
2491 4304 2545 4350 ¹⁴
2584 4291 2863 4355 operatione
2892 4286 2932 4333 V

546 4389 596 4425 tta·
636 4381 692 4425 :sti
724 4368 891 4425 omnia
908 4380 1076 4423 autem
1112 4372 1162 4421 V
1300 4369 1362 4422 26
1398 4372 1558 4422 meriti
1596 4371 1646 4420 V
1791 4386 1854 4435 30
1886 4388 1993 4422 esse
2016 4372 2134 4437 (for
2152 4371 2269 4436 sibi)
2303 4371 2355 4419 V
2492 4386 2549 4433 31
2591 4369 2862 4437 perduxerit
2891 4366 2934 4416 V

845 4488 873 4514 ⁴⁵
911 4489 1062 4538 Rom.
1088 4486 1191 4537 viii.
1222 4503 1297 4547 14·
1494 4484 1528 4537 Ἰ·
1563 4486 1615 4535 S.
1647 4485 1792 4536 Luke
1817 4486 1882 4534 iv.
1915 4502 1955 4535 r.
2152 4488 2185 4545 ἶ
2218 4485 2363 4547 [Acts
2380 4483 2501 4534 xvii.
2526 4484 2629 4546 3¹]-
