<?xml version="1.0" encoding="UTF-8"?>
<!DOCTYPE html PUBLIC "-//W3C//DTD XHTML 1.0 Transitional//EN"
    "http://www.w3.org/TR/xhtml1/DTD/xhtml1-transitional.dtd">
<html xmlns="http://www.w3.org/1999/xhtml" xml:lang="en" lang="en">
 <head>
  <title>
</title>
<meta http-equiv="Content-Type" content="text/html;charset=utf-8" />
  <meta name='ocr-system' content='tesseract 3.04.00' />
  <meta name='ocr-capabilities' content='ocr_page ocr_carea ocr_par ocr_line ocrx_word'/>
</head>
<body>
  <div class='ocr_page' id='page_1' title='image "./theodoriepiscop00swetgoog_0309.png"; bbox 0 0 3142 5100; ppageno 0'>
   <div class='ocr_carea' id='block_1_1' title="bbox 141 423 1309 499">
    <p class='ocr_par' dir='ltr' id='par_1_1' title="bbox 141 423 1309 499">
     <span class='ocr_line' id='line_1_1' title="bbox 141 423 1309 499; baseline 0.003 -22"><span class='ocrx_word' id='word_1_1' title='bbox 141 423 361 477; x_wconf 76' lang='lat' dir='ltr'>FRAGMENTS</span> <span class='ocrx_word' id='word_1_2' title='bbox 384 428 431 478; x_wconf 85' lang='lat' dir='ltr'>OF</span> <span class='ocrx_word' id='word_1_3' title='bbox 453 427 530 479; x_wconf 90' lang='lat' dir='ltr'>THE</span> <span class='ocrx_word' id='word_1_4' title='bbox 554 428 748 481; x_wconf 81' lang='lat' dir='ltr'>DOGMATIC</span> <span class='ocrx_word' id='word_1_5' title='bbox 772 429 906 481; x_wconf 87' lang='lat' dir='ltr'>WORKS</span> <span class='ocrx_word' id='word_1_6' title='bbox 931 431 977 482; x_wconf 91' lang='lat' dir='ltr'>OF</span> <span class='ocrx_word' id='word_1_7' title='bbox 1000 429 1212 482; x_wconf 87' lang='lat' dir='ltr'>TllEODORE.</span> <span class='ocrx_word' id='word_1_8' title='bbox 1252 432 1309 499; x_wconf 86' lang='lat'>291</span> 
     </span>
    </p>
   </div>
   <div class='ocr_carea' id='block_1_2' title="bbox 366 600 1054 801">
    <p class='ocr_par' dir='ltr' id='par_1_2' title="bbox 366 600 1054 801">
     <span class='ocr_line' id='line_1_2' title="bbox 643 600 776 662; baseline 0.008 -2"><span class='ocrx_word' id='word_1_9' title='bbox 643 600 734 662; x_wconf 78' lang='lat' dir='ltr'>Boorr</span> <span class='ocrx_word' id='word_1_10' title='bbox 756 619 776 662; x_wconf 91' lang='lat' dir='ltr'>r.</span> 
     </span>
     <span class='ocr_line' id='line_1_3' title="bbox 366 711 1054 801; baseline 0 -24"><span class='ocrx_word' id='word_1_11' title='bbox 366 736 390 777; x_wconf 86' lang='lat'>1.</span> <span class='ocrx_word' id='word_1_12' title='bbox 437 711 515 797; x_wconf 81' lang='lat' dir='ltr'>[Act</span> <span class='ocrx_word' id='word_1_13' title='bbox 533 719 625 778; x_wconf 87' lang='lat' dir='ltr'>Cone.</span> <span class='ocrx_word' id='word_1_14' title='bbox 644 720 703 780; x_wconf 91' lang='lat' dir='ltr'>CP.</span> <span class='ocrx_word' id='word_1_15' title='bbox 720 718 747 777; x_wconf 82' lang='lat' dir='ltr'>ii</span> <span class='ocrx_word' id='word_1_16' title='bbox 766 737 804 778; x_wconf 81' lang='grc' dir='ltr'>ιν.</span> <span class='ocrx_word' id='word_1_17' title='bbox 823 737 870 797; x_wconf 84' lang='lat'>25·</span> <span class='ocrx_word' id='word_1_18' title='bbox 912 716 977 796; x_wconf 89' lang='lat' dir='ltr'>Vig.</span> <span class='ocrx_word' id='word_1_19' title='bbox 997 716 1054 801; x_wconf 68' lang='lat'>26}</span> 
     </span>
    </p>
   </div>
   <div class='ocr_carea' id='block_1_3' title="bbox 112 827 1368 1981">
    <p class='ocr_par' dir='ltr' id='par_1_3' title="bbox 112 827 1368 1981">
     <span class='ocr_line' id='line_1_4' title="bbox 170 827 1314 906; baseline 0.004 -19"><span class='ocrx_word' id='word_1_20' title='bbox 170 827 250 890; x_wconf 88' lang='lat' dir='ltr'>Sicut</span> <span class='ocrx_word' id='word_1_21' title='bbox 278 829 365 906; x_wconf 90' lang='lat' dir='ltr'>igitur</span> <span class='ocrx_word' id='word_1_22' title='bbox 389 849 442 906; x_wconf 91' lang='lat' dir='ltr'>per</span> <span class='ocrx_word' id='word_1_23' title='bbox 461 830 633 892; x_wconf 87' lang='lat' dir='ltr'>huiusmodi</span> <span class='ocrx_word' id='word_1_24' title='bbox 653 831 874 892; x_wconf 85' lang='lat' dir='ltr'>confessionem</span> <span class='ocrx_word' id='word_1_25' title='bbox 895 851 957 891; x_wconf 90' lang='lat' dir='ltr'>non</span> <span class='ocrx_word' id='word_1_26' title='bbox 978 832 1097 894; x_wconf 87' lang='lat' dir='ltr'>deitatis</span> <span class='ocrx_word' id='word_1_27' title='bbox 1122 833 1314 895; x_wconf 68' lang='lat' dir='ltr'>Nathanael*</span> 
     </span>
     <span class='ocr_line' id='line_1_5' title="bbox 114 926 1315 1007; baseline 0.006 -24"><span class='ocrx_word' id='word_1_28' title='bbox 114 926 221 986; x_wconf 89' lang='lat' dir='ltr'>habens</span> <span class='ocrx_word' id='word_1_29' title='bbox 256 928 410 987; x_wconf 89' lang='lat' dir='ltr'>scientiam</span> <span class='ocrx_word' id='word_1_30' title='bbox 446 928 769 988; x_wconf 75' lang='lat' dir='ltr'>ostenditur-ludaei</span> <span class='ocrx_word' id='word_1_31' title='bbox 804 940 835 988; x_wconf 91' lang='lat' dir='ltr'>et</span> <span class='ocrx_word' id='word_1_32' title='bbox 865 930 1027 991; x_wconf 83' lang='lat' dir='ltr'>Samaritae</span> <span class='ocrx_word' id='word_1_33' title='bbox 1062 931 1132 990; x_wconf 85' lang='lat' dir='ltr'>talia</span> <span class='ocrx_word' id='word_1_34' title='bbox 1162 941 1315 1007; x_wconf 89' lang='lat' dir='ltr'>sperantes</span> 
     </span>
     <span class='ocr_line' id='line_1_6' title="bbox 114 1022 1313 1103; baseline 0.004 -24"><span class='ocrx_word' id='word_1_35' title='bbox 114 1022 266 1096; x_wconf 89' lang='lat' dir='ltr'>plurimum</span> <span class='ocrx_word' id='word_1_36' title='bbox 287 1036 430 1101; x_wconf 90' lang='lat' dir='ltr'>quantum</span> <span class='ocrx_word' id='word_1_37' title='bbox 452 1024 510 1084; x_wconf 93' lang='lat' dir='ltr'>Dei</span> <span class='ocrx_word' id='word_1_38' title='bbox 528 1025 619 1083; x_wconf 87' lang='lat' dir='ltr'>Verbi</span> <span class='ocrx_word' id='word_1_39' title='bbox 636 1044 655 1083; x_wconf 91' lang='lat' dir='ltr'>a</span> <span class='ocrx_word' id='word_1_40' title='bbox 675 1025 800 1084; x_wconf 90' lang='lat' dir='ltr'>scientia</span> <span class='ocrx_word' id='word_1_41' title='bbox 820 1026 910 1103; x_wconf 86' lang='lat' dir='ltr'>longe</span> <span class='ocrx_word' id='word_1_42' title='bbox 931 1027 1099 1086; x_wconf 82' lang='lat' dir='ltr'>erant-sic</span> <span class='ocrx_word' id='word_1_43' title='bbox 1120 1037 1150 1088; x_wconf 92' lang='lat' dir='ltr'>et</span> <span class='ocrx_word' id='word_1_44' title='bbox 1172 1028 1313 1101; x_wconf 83' lang='lat' dir='ltr'>Martha†</span> 
     </span>
     <span class='ocr_line' id='line_1_7' title="bbox 114 1120 1313 1200; baseline 0.003 -24"><span class='ocrx_word' id='word_1_45' title='bbox 114 1136 163 1193; x_wconf 89' lang='lat' dir='ltr'>per</span> <span class='ocrx_word' id='word_1_46' title='bbox 180 1120 399 1181; x_wconf 85' lang='lat' dir='ltr'>consessionem</span> <span class='ocrx_word' id='word_1_47' title='bbox 421 1120 501 1179; x_wconf 87' lang='lat' dir='ltr'>illam</span> <span class='ocrx_word' id='word_1_48' title='bbox 522 1140 585 1179; x_wconf 90' lang='lat' dir='ltr'>uon</span> <span class='ocrx_word' id='word_1_49' title='bbox 610 1120 727 1181; x_wconf 82' lang='lat' dir='ltr'>deitatis</span> <span class='ocrx_word' id='word_1_50' title='bbox 752 1122 868 1182; x_wconf 88' lang='lat' dir='ltr'>habens</span> <span class='ocrx_word' id='word_1_51' title='bbox 892 1134 965 1182; x_wconf 86' lang='lat' dir='ltr'>tune</span> <span class='ocrx_word' id='word_1_52' title='bbox 988 1122 1143 1183; x_wconf 90' lang='lat' dir='ltr'>scientiam</span> <span class='ocrx_word' id='word_1_53' title='bbox 1164 1125 1313 1200; x_wconf 89' lang='lat' dir='ltr'>probatur,</span> 
     </span>
     <span class='ocr_line' id='line_1_8' title="bbox 115 1216 1366 1298; baseline 0.004 -24"><span class='ocrx_word' id='word_1_54' title='bbox 115 1216 262 1279; x_wconf 79' lang='lat' dir='ltr'>manifeste</span> <span class='ocrx_word' id='word_1_55' title='bbox 287 1230 389 1279; x_wconf 89' lang='lat' dir='ltr'>autem</span> <span class='ocrx_word' id='word_1_56' title='bbox 413 1238 471 1279; x_wconf 91' lang='lat' dir='ltr'>nec</span> <span class='ocrx_word' id='word_1_57' title='bbox 491 1221 597 1279; x_wconf 89' lang='lat' dir='ltr'>beatus</span> <span class='ocrx_word' id='word_1_58' title='bbox 619 1221 756 1296; x_wconf 76' lang='lat' dir='ltr'>Petrusss.</span> <span class='ocrx_word' id='word_1_59' title='bbox 798 1221 898 1281; x_wconf 90' lang='lat' dir='ltr'>adhuc</span> <span class='ocrx_word' id='word_1_60' title='bbox 919 1220 1030 1281; x_wconf 89' lang='lat' dir='ltr'>etenim</span> <span class='ocrx_word' id='word_1_61' title='bbox 1054 1220 1126 1298; x_wconf 92' lang='lat' dir='ltr'>ipsis</span> <span class='ocrx_word' id='word_1_62' title='bbox 1151 1219 1315 1281; x_wconf 88' lang='lat' dir='ltr'>sufficiebat</span> <span class='ocrx_word' id='word_1_63' title='bbox 1350 1236 1366 1296; x_wconf 85' lang='lat'><strong>5</strong></span> 
     </span>
     <span class='ocr_line' id='line_1_9' title="bbox 114 1317 1315 1398; baseline 0.007 -26"><span class='ocrx_word' id='word_1_64' title='bbox 114 1326 181 1374; x_wconf 89' lang='lat' dir='ltr'>tunc</span> <span class='ocrx_word' id='word_1_65' title='bbox 206 1317 525 1378; x_wconf 79' lang='lat' dir='ltr'>reuelationemilham</span> <span class='ocrx_word' id='word_1_66' title='bbox 552 1317 782 1395; x_wconf 88' lang='lat' dir='ltr'>suscipientibus</span> <span class='ocrx_word' id='word_1_67' title='bbox 808 1319 1002 1398; x_wconf 89' lang='lat' dir='ltr'>praecipuum</span> <span class='ocrx_word' id='word_1_68' title='bbox 1026 1319 1140 1397; x_wconf 92' lang='lat' dir='ltr'>aliquid</span> <span class='ocrx_word' id='word_1_69' title='bbox 1165 1331 1195 1381; x_wconf 92' lang='lat' dir='ltr'>et</span> <span class='ocrx_word' id='word_1_70' title='bbox 1219 1319 1315 1380; x_wconf 90' lang='lat' dir='ltr'>maius</span> 
     </span>
     <span class='ocr_line' id='line_1_10' title="bbox 114 1415 1316 1495; baseline 0.002 -21"><span class='ocrx_word' id='word_1_71' title='bbox 114 1415 149 1475; x_wconf 90' lang='lat' dir='ltr'>de</span> <span class='ocrx_word' id='word_1_72' title='bbox 172 1417 236 1494; x_wconf 92' lang='lat' dir='ltr'>ipso</span> <span class='ocrx_word' id='word_1_73' title='bbox 261 1427 379 1494; x_wconf 85' lang='lat' dir='ltr'>praeter</span> <span class='ocrx_word' id='word_1_74' title='bbox 403 1428 569 1478; x_wconf 91' lang='lat' dir='ltr'>ceteromm</span> <span class='ocrx_word' id='word_1_75' title='bbox 595 1417 753 1477; x_wconf 89' lang='lat' dir='ltr'>hominum</span> <span class='ocrx_word' id='word_1_76' title='bbox 778 1417 968 1494; x_wconf 87' lang='lat' dir='ltr'>phantasiam</span> <span class='ocrx_word' id='word_1_77' title='bbox 996 1418 1140 1495; x_wconf 89' lang='lat' dir='ltr'>accipere.</span> <span class='ocrx_word' id='word_1_78' title='bbox 1184 1429 1316 1494; x_wconf 73' lang='lat' dir='ltr'>postte</span> 
     </span>
     <span class='ocr_line' id='line_1_11' title="bbox 112 1514 1315 1592; baseline 0.003 -21"><span class='ocrx_word' id='word_1_79' title='bbox 112 1514 321 1575; x_wconf 84' lang='lat' dir='ltr'>surrectionem</span> <span class='ocrx_word' id='word_1_80' title='bbox 340 1526 439 1575; x_wconf 87' lang='lat' dir='ltr'>autem</span> <span class='ocrx_word' id='word_1_81' title='bbox 462 1514 571 1591; x_wconf 85' lang='lat' dir='ltr'>Spiritu</span> <span class='ocrx_word' id='word_1_82' title='bbox 585 1515 723 1592; x_wconf 88' lang='lat' dir='ltr'>perducti</span> <span class='ocrx_word' id='word_1_83' title='bbox 742 1516 780 1575; x_wconf 93' lang='lat' dir='ltr'>ad</span> <span class='ocrx_word' id='word_1_84' title='bbox 796 1514 961 1588; x_wconf 89' lang='lat' dir='ltr'>scientiam,</span> <span class='ocrx_word' id='word_1_85' title='bbox 977 1526 1051 1577; x_wconf 91' lang='lat' dir='ltr'>tunc</span> <span class='ocrx_word' id='word_1_86' title='bbox 1071 1526 1101 1575; x_wconf 90' lang='lat' dir='ltr'>et</span> <span class='ocrx_word' id='word_1_87' title='bbox 1123 1514 1315 1575; x_wconf 89' lang='lat' dir='ltr'>reuelationis</span> 
     </span>
     <span class='ocr_line' id='line_1_12' title="bbox 112 1610 1315 1690; baseline 0.002 -23"><span class='ocrx_word' id='word_1_88' title='bbox 112 1610 265 1686; x_wconf 79' lang='lat' dir='ltr'>perfectam</span> <span class='ocrx_word' id='word_1_89' title='bbox 282 1611 436 1671; x_wconf 89' lang='lat' dir='ltr'>scientiam</span> <span class='ocrx_word' id='word_1_90' title='bbox 451 1611 660 1689; x_wconf 88' lang='lat' dir='ltr'>suscipiebant,</span> <span class='ocrx_word' id='word_1_91' title='bbox 672 1623 705 1671; x_wconf 88' lang='lat' dir='ltr'>ut</span> <span class='ocrx_word' id='word_1_92' title='bbox 720 1611 829 1673; x_wconf 90' lang='lat' dir='ltr'>scirent</span> <span class='ocrx_word' id='word_1_93' title='bbox 839 1612 908 1689; x_wconf 88' lang='lat' dir='ltr'>quia</span> <span class='ocrx_word' id='word_1_94' title='bbox 920 1611 1113 1689; x_wconf 88' lang='lat' dir='ltr'>praecipuum</span> <span class='ocrx_word' id='word_1_95' title='bbox 1128 1611 1185 1690; x_wconf 92' lang='lat' dir='ltr'>ipsi</span> <span class='ocrx_word' id='word_1_96' title='bbox 1199 1622 1315 1688; x_wconf 88' lang='lat' dir='ltr'>praeter</span> 
     </span>
     <span class='ocr_line' id='line_1_13' title="bbox 113 1708 1368 1787; baseline -0.001 -23"><span class='ocrx_word' id='word_1_97' title='bbox 113 1718 221 1767; x_wconf 86' lang='lat' dir='ltr'>ceteros</span> <span class='ocrx_word' id='word_1_98' title='bbox 245 1708 384 1769; x_wconf 90' lang='lat' dir='ltr'>homines</span> <span class='ocrx_word' id='word_1_99' title='bbox 408 1729 470 1769; x_wconf 89' lang='lat' dir='ltr'>non</span> <span class='ocrx_word' id='word_1_100' title='bbox 495 1709 597 1786; x_wconf 88' lang='lat' dir='ltr'>aliquo</span> <span class='ocrx_word' id='word_1_101' title='bbox 624 1729 700 1786; x_wconf 92' lang='lat' dir='ltr'>puro</span> <span class='ocrx_word' id='word_1_102' title='bbox 722 1711 837 1771; x_wconf 91' lang='lat' dir='ltr'>honore</span> <span class='ocrx_word' id='word_1_103' title='bbox 861 1731 899 1770; x_wconf 89' lang='lat' dir='ltr'>ex</span> <span class='ocrx_word' id='word_1_104' title='bbox 923 1712 992 1770; x_wconf 91' lang='lat' dir='ltr'>Deo</span> <span class='ocrx_word' id='word_1_105' title='bbox 1017 1708 1162 1787; x_wconf 87' lang='lat' dir='ltr'>peruenit,</span> <span class='ocrx_word' id='word_1_106' title='bbox 1186 1709 1262 1769; x_wconf 90' lang='lat' dir='ltr'>sicut</span> <span class='ocrx_word' id='word_1_107' title='bbox 1283 1708 1313 1768; x_wconf 94' lang='lat' dir='ltr'>in</span> <span class='ocrx_word' id='word_1_108' title='bbox 1332 1725 1368 1763; x_wconf 91' lang='lat'>10</span> 
     </span>
     <span class='ocr_line' id='line_1_14' title="bbox 113 1803 1315 1885; baseline 0.005 -24"><span class='ocrx_word' id='word_1_109' title='bbox 113 1803 211 1864; x_wconf 91' lang='lat' dir='ltr'>ceteris</span> <span class='ocrx_word' id='word_1_110' title='bbox 225 1805 406 1877; x_wconf 89' lang='lat' dir='ltr'>hominibus,</span> <span class='ocrx_word' id='word_1_111' title='bbox 421 1807 473 1865; x_wconf 91' lang='lat' dir='ltr'>sed</span> <span class='ocrx_word' id='word_1_112' title='bbox 488 1825 541 1882; x_wconf 92' lang='lat' dir='ltr'>per</span> <span class='ocrx_word' id='word_1_113' title='bbox 555 1807 699 1866; x_wconf 85' lang='lat' dir='ltr'>unitatem</span> <span class='ocrx_word' id='word_1_114' title='bbox 714 1809 754 1868; x_wconf 92' lang='lat' dir='ltr'>ad</span> <span class='ocrx_word' id='word_1_115' title='bbox 769 1808 870 1866; x_wconf 93' lang='lat' dir='ltr'>Deum</span> <span class='ocrx_word' id='word_1_116' title='bbox 885 1806 1027 1881; x_wconf 88' lang='lat' dir='ltr'>Verbum,</span> <span class='ocrx_word' id='word_1_117' title='bbox 1041 1827 1094 1885; x_wconf 86' lang='lat' dir='ltr'>per</span> <span class='ocrx_word' id='word_1_118' title='bbox 1108 1826 1199 1884; x_wconf 92' lang='lat' dir='ltr'>quam</span> <span class='ocrx_word' id='word_1_119' title='bbox 1217 1805 1315 1867; x_wconf 90' lang='lat' dir='ltr'>omnis</span> 
     </span>
     <span class='ocr_line' id='line_1_15' title="bbox 112 1892 911 1981; baseline 0.006 -22"><span class='ocrx_word' id='word_1_120' title='bbox 112 1892 226 1962; x_wconf 88' lang='lat' dir='ltr'>honoris</span> <span class='ocrx_word' id='word_1_121' title='bbox 241 1902 270 1963; x_wconf 91' lang='lat' dir='ltr'>ei</span> <span class='ocrx_word' id='word_1_122' title='bbox 283 1904 431 1981; x_wconf 88' lang='lat' dir='ltr'>particeps</span> <span class='ocrx_word' id='word_1_123' title='bbox 446 1914 490 1965; x_wconf 90' lang='lat' dir='ltr'>est</span> <span class='ocrx_word' id='word_1_124' title='bbox 504 1914 572 1980; x_wconf 90' lang='lat' dir='ltr'>post</span> <span class='ocrx_word' id='word_1_125' title='bbox 586 1902 616 1962; x_wconf 91' lang='lat' dir='ltr'>in</span> <span class='ocrx_word' id='word_1_126' title='bbox 632 1905 731 1964; x_wconf 84' lang='lat' dir='ltr'>oaelos</span> <span class='ocrx_word' id='word_1_127' title='bbox 745 1923 911 1964; x_wconf 85' lang='lat' dir='ltr'>ascensum.</span> 
     </span>
    </p>
   </div>
   <div class='ocr_carea' id='block_1_4' title="bbox 138 2049 1291 2231">
    <p class='ocr_par' dir='ltr' id='par_1_4' title="bbox 138 2049 1291 2231">
     <span class='ocr_line' id='line_1_16' title="bbox 138 2049 1291 2132; baseline 0.003 -24"><span class='ocrx_word' id='word_1_128' title='bbox 138 2070 162 2109; x_wconf 83' lang='lat'>2.</span> <span class='ocrx_word' id='word_1_129' title='bbox 203 2049 283 2132; x_wconf 82' lang='lat' dir='ltr'>[Act</span> <span class='ocrx_word' id='word_1_130' title='bbox 300 2055 394 2114; x_wconf 89' lang='lat' dir='ltr'>Conc</span> <span class='ocrx_word' id='word_1_131' title='bbox 409 2055 470 2115; x_wconf 92' lang='lat' dir='ltr'>CP.</span> <span class='ocrx_word' id='word_1_132' title='bbox 487 2051 514 2112; x_wconf 84' lang='lat' dir='ltr'>ii</span> <span class='ocrx_word' id='word_1_133' title='bbox 533 2070 571 2112; x_wconf 91' lang='lat' dir='ltr'>rv.</span> <span class='ocrx_word' id='word_1_134' title='bbox 591 2055 628 2112; x_wconf 86' lang='lat'>26</span> <span class='ocrx_word' id='word_1_135' title='bbox 643 2053 674 2131; x_wconf 88' lang='grc'>(“</span> <span class='ocrx_word' id='word_1_136' title='bbox 685 2053 820 2114; x_wconf 90' lang='lat' dir='ltr'>eiusdem</span> <span class='ocrx_word' id='word_1_137' title='bbox 836 2055 874 2114; x_wconf 90' lang='lat' dir='ltr'>de</span> <span class='ocrx_word' id='word_1_138' title='bbox 887 2050 1131 2131; x_wconf 84' lang='lat' dir='ltr'>interpretatione</span> <span class='ocrx_word' id='word_1_139' title='bbox 1145 2051 1291 2131; x_wconf 88' lang='lat' dir='ltr'>euangelii</span> 
     </span>
     <span class='ocr_line' id='line_1_17' title="bbox 309 2149 1110 2231; baseline 0.001 -22"><span class='ocrx_word' id='word_1_140' title='bbox 309 2150 384 2211; x_wconf 91' lang='lat' dir='ltr'>libro</span> <span class='ocrx_word' id='word_1_141' title='bbox 398 2151 495 2228; x_wconf 90' lang='lat' dir='ltr'>primo</span> <span class='ocrx_word' id='word_1_142' title='bbox 505 2151 533 2225; x_wconf 88' lang='lat'>;’&#39;</span> <span class='ocrx_word' id='word_1_143' title='bbox 554 2152 591 2211; x_wconf 85' lang='lat' dir='ltr'>cf.</span> <span class='ocrx_word' id='word_1_144' title='bbox 608 2150 767 2225; x_wconf 89' lang='lat' dir='ltr'>Fritzsche,</span> <span class='ocrx_word' id='word_1_145' title='bbox 782 2152 817 2210; x_wconf 79' lang='lat' dir='ltr'>de</span> <span class='ocrx_word' id='word_1_146' title='bbox 830 2171 857 2211; x_wconf 84' lang='lat' dir='ltr'>u.</span> <span class='ocrx_word' id='word_1_147' title='bbox 873 2158 900 2211; x_wconf 80' lang='lat' dir='ltr'>et</span> <span class='ocrx_word' id='word_1_148' title='bbox 911 2170 974 2225; x_wconf 78' lang='lat' dir='ltr'>scr,</span> <span class='ocrx_word' id='word_1_149' title='bbox 990 2171 1018 2228; x_wconf 90' lang='lat' dir='ltr'>p.</span> <span class='ocrx_word' id='word_1_150' title='bbox 1036 2149 1110 2231; x_wconf 87' lang='lat'><strong>89)].</strong></span> 
     </span>
    </p>
   </div>
   <div class='ocr_carea' id='block_1_5' title="bbox 108 2262 1369 3394">
    <p class='ocr_par' dir='ltr' id='par_1_5' title="bbox 108 2262 1369 3394">
     <span class='ocr_line' id='line_1_18' title="bbox 168 2262 1317 2341; baseline 0.001 -19"><span class='ocrx_word' id='word_1_151' title='bbox 168 2264 339 2323; x_wconf 88' lang='lat' dir='ltr'>Matthaeus</span> <span class='ocrx_word' id='word_1_152' title='bbox 348 2263 468 2340; x_wconf 90' lang='lat' dir='ltr'>quidem</span> <span class='ocrx_word' id='word_1_153' title='bbox 483 2263 664 2341; x_wconf 88' lang='lat' dir='ltr'>euangelista</span> <span class='ocrx_word' id='word_1_154' title='bbox 677 2275 746 2341; x_wconf 91' lang='lat' dir='ltr'>post</span> <span class='ocrx_word' id='word_1_155' title='bbox 760 2262 970 2341; x_wconf 88' lang='lat' dir='ltr'>temptationes</span> <span class='ocrx_word' id='word_1_156' title='bbox 985 2262 1057 2324; x_wconf 88' lang='lat' dir='ltr'>dicit</span> <span class='ocrx_word' id='word_1_157' title='bbox 1070 2264 1153 2339; x_wconf 91' lang='lat' dir='ltr'>quod</span> <span class='ocrx_word' id='word_1_158' title='bbox 1167 2264 1317 2323; x_wconf 70' lang='lat' dir='ltr'>(recedenter</span> 
     </span>
     <span class='ocr_line' id='line_1_19' title="bbox 112 2361 1317 2438; baseline 0.004 -23"><span class='ocrx_word' id='word_1_159' title='bbox 112 2362 201 2434; x_wconf 78' lang='lat' dir='ltr'>angeli</span> <span class='ocrx_word' id='word_1_160' title='bbox 219 2362 429 2421; x_wconf 67' lang='lat' dir='ltr'>ministrabant</span> <span class='ocrx_word' id='word_1_161' title='bbox 444 2364 500 2435; x_wconf 75' lang='lat' dir='ltr'>ei§,</span> <span class='ocrx_word' id='word_1_162' title='bbox 515 2361 628 2422; x_wconf 92' lang='lat' dir='ltr'>scilicet</span> <span class='ocrx_word' id='word_1_163' title='bbox 647 2381 715 2421; x_wconf 91' lang='lat' dir='ltr'>cum</span> <span class='ocrx_word' id='word_1_164' title='bbox 731 2381 768 2422; x_wconf 91' lang='lat' dir='ltr'>eo</span> <span class='ocrx_word' id='word_1_165' title='bbox 782 2361 935 2421; x_wconf 84' lang='lat' dir='ltr'>constituti</span> <span class='ocrx_word' id='word_1_166' title='bbox 954 2372 984 2422; x_wconf 92' lang='lat' dir='ltr'>et</span> <span class='ocrx_word' id='word_1_167' title='bbox 1000 2372 1196 2438; x_wconf 86' lang='lat' dir='ltr'>cooperantes</span> <span class='ocrx_word' id='word_1_168' title='bbox 1211 2372 1241 2421; x_wconf 93' lang='lat' dir='ltr'>et</span> <span class='ocrx_word' id='word_1_169' title='bbox 1254 2380 1317 2421; x_wconf 90' lang='lat' dir='ltr'>om·</span> 
     </span>
     <span class='ocr_line' id='line_1_20' title="bbox 111 2455 1367 2537; baseline -0.002 -21"><span class='ocrx_word' id='word_1_170' title='bbox 111 2455 194 2517; x_wconf 90' lang='lat' dir='ltr'>nibus</span> <span class='ocrx_word' id='word_1_171' title='bbox 208 2458 287 2517; x_wconf 90' lang='lat' dir='ltr'>circa</span> <span class='ocrx_word' id='word_1_172' title='bbox 304 2477 372 2517; x_wconf 92' lang='lat' dir='ltr'>eum</span> <span class='ocrx_word' id='word_1_173' title='bbox 388 2461 456 2519; x_wconf 92' lang='lat' dir='ltr'>Deo</span> <span class='ocrx_word' id='word_1_174' title='bbox 470 2458 678 2530; x_wconf 87' lang='lat' dir='ltr'>ministrantes,</span> <span class='ocrx_word' id='word_1_175' title='bbox 694 2461 776 2536; x_wconf 90' lang='lat' dir='ltr'>quod</span> <span class='ocrx_word' id='word_1_176' title='bbox 792 2460 850 2519; x_wconf 90' lang='lat' dir='ltr'>iam</span> <span class='ocrx_word' id='word_1_177' title='bbox 865 2479 919 2537; x_wconf 90' lang='lat' dir='ltr'>per</span> <span class='ocrx_word' id='word_1_178' title='bbox 932 2460 1094 2520; x_wconf 86' lang='lat' dir='ltr'>certamina</span> <span class='ocrx_word' id='word_1_179' title='bbox 1107 2461 1147 2520; x_wconf 92' lang='lat' dir='ltr'>ad</span> <span class='ocrx_word' id='word_1_180' title='bbox 1161 2459 1314 2520; x_wconf 91' lang='lat' dir='ltr'>diabolum</span> <span class='ocrx_word' id='word_1_181' title='bbox 1333 2472 1367 2534; x_wconf 78' lang='lat'>15</span> 
     </span>
     <span class='ocr_line' id='line_1_21' title="bbox 112 2555 1316 2636; baseline 0.003 -23"><span class='ocrx_word' id='word_1_182' title='bbox 112 2566 245 2616; x_wconf 87' lang='lat' dir='ltr'>ostensus</span> <span class='ocrx_word' id='word_1_183' title='bbox 260 2569 305 2616; x_wconf 90' lang='lat' dir='ltr'>est</span> <span class='ocrx_word' id='word_1_184' title='bbox 323 2555 433 2616; x_wconf 88' lang='lat' dir='ltr'>clarior.</span> <span class='ocrx_word' id='word_1_185' title='bbox 478 2559 531 2617; x_wconf 90' lang='lat' dir='ltr'>sed</span> <span class='ocrx_word' id='word_1_186' title='bbox 553 2568 583 2617; x_wconf 93' lang='lat' dir='ltr'>et</span> <span class='ocrx_word' id='word_1_187' title='bbox 604 2558 686 2634; x_wconf 90' lang='lat' dir='ltr'>quod</span> <span class='ocrx_word' id='word_1_188' title='bbox 710 2576 835 2634; x_wconf 88' lang='lat' dir='ltr'>passuro</span> <span class='ocrx_word' id='word_1_189' title='bbox 860 2557 888 2618; x_wconf 91' lang='lat' dir='ltr'>ei</span> <span class='ocrx_word' id='word_1_190' title='bbox 906 2560 1030 2618; x_wconf 90' lang='lat' dir='ltr'>aderant</span> <span class='ocrx_word' id='word_1_191' title='bbox 1047 2558 1152 2636; x_wconf 86' lang='lat' dir='ltr'>angeli,</span> <span class='ocrx_word' id='word_1_192' title='bbox 1171 2577 1208 2622; x_wconf 86' lang='lat' dir='ltr'>ex</span> <span class='ocrx_word' id='word_1_193' title='bbox 1228 2578 1316 2619; x_wconf 89' lang='lat' dir='ltr'>euan-</span> 
     </span>
     <span class='ocr_line' id='line_1_22' title="bbox 110 2649 1316 2732; baseline 0.003 -22"><span class='ocrx_word' id='word_1_194' title='bbox 110 2649 189 2726; x_wconf 87' lang='lat' dir='ltr'>geliis</span> <span class='ocrx_word' id='word_1_195' title='bbox 203 2650 346 2712; x_wconf 90' lang='lat' dir='ltr'>discimus</span> <span class='ocrx_word' id='word_1_196' title='bbox 359 2678 366 2723; x_wconf 88' lang='lat'>;</span> <span class='ocrx_word' id='word_1_197' title='bbox 387 2663 500 2712; x_wconf 89' lang='lat' dir='ltr'>etcum</span> <span class='ocrx_word' id='word_1_198' title='bbox 516 2651 678 2725; x_wconf 82' lang='lat' dir='ltr'>resurrexit,</span> <span class='ocrx_word' id='word_1_199' title='bbox 695 2651 725 2711; x_wconf 91' lang='lat' dir='ltr'>in</span> <span class='ocrx_word' id='word_1_200' title='bbox 741 2664 938 2714; x_wconf 91' lang='lat' dir='ltr'>monumento</span> <span class='ocrx_word' id='word_1_201' title='bbox 952 2653 1008 2714; x_wconf 89' lang='lat' dir='ltr'>uisi</span> <span class='ocrx_word' id='word_1_202' title='bbox 1023 2665 1099 2715; x_wconf 83' lang='lat' dir='ltr'>sunt</span> <span class='ocrx_word' id='word_1_203' title='bbox 1144 2673 1196 2732; x_wconf 88' lang='lat' dir='ltr'>per</span> <span class='ocrx_word' id='word_1_204' title='bbox 1215 2653 1316 2714; x_wconf 90' lang='lat' dir='ltr'>omnia</span> 
     </span>
     <span class='ocr_line' id='line_1_23' title="bbox 111 2748 1316 2830; baseline 0.003 -22"><span class='ocrx_word' id='word_1_205' title='bbox 111 2748 217 2808; x_wconf 90' lang='lat' dir='ltr'>etenim</span> <span class='ocrx_word' id='word_1_206' title='bbox 240 2748 298 2809; x_wconf 88' lang='lat' dir='ltr'>ista</span> <span class='ocrx_word' id='word_1_207' title='bbox 319 2751 538 2810; x_wconf 88' lang='lat' dir='ltr'>monstrabatur</span> <span class='ocrx_word' id='word_1_208' title='bbox 561 2748 689 2827; x_wconf 85' lang='lat' dir='ltr'>dignitas</span> <span class='ocrx_word' id='word_1_209' title='bbox 717 2749 836 2823; x_wconf 91' lang='lat' dir='ltr'>Christi,</span> <span class='ocrx_word' id='word_1_210' title='bbox 860 2752 942 2827; x_wconf 92' lang='lat' dir='ltr'>quod</span> <span class='ocrx_word' id='word_1_211' title='bbox 969 2750 1135 2828; x_wconf 87' lang='lat' dir='ltr'>inseparate</span> <span class='ocrx_word' id='word_1_212' title='bbox 1162 2749 1190 2811; x_wconf 91' lang='lat' dir='ltr'>ei</span> <span class='ocrx_word' id='word_1_213' title='bbox 1217 2752 1316 2830; x_wconf 86' lang='lat' dir='ltr'>angeli</span> 
     </span>
     <span class='ocr_line' id='line_1_24' title="bbox 110 2845 1316 2925; baseline 0.004 -21"><span class='ocrx_word' id='word_1_214' title='bbox 110 2847 239 2919; x_wconf 85' lang='lat' dir='ltr'>aderaut,</span> <span class='ocrx_word' id='word_1_215' title='bbox 259 2857 290 2906; x_wconf 92' lang='lat' dir='ltr'>et</span> <span class='ocrx_word' id='word_1_216' title='bbox 310 2846 449 2907; x_wconf 90' lang='lat' dir='ltr'>omnibus</span> <span class='ocrx_word' id='word_1_217' title='bbox 470 2846 548 2907; x_wconf 89' lang='lat' dir='ltr'>circa</span> <span class='ocrx_word' id='word_1_218' title='bbox 569 2867 637 2907; x_wconf 91' lang='lat' dir='ltr'>eum</span> <span class='ocrx_word' id='word_1_219' title='bbox 651 2845 865 2908; x_wconf 75' lang='lat' dir='ltr'>ministrabant</span> <span class='ocrx_word' id='word_1_220' title='bbox 909 2845 1077 2908; x_wconf 88' lang='lat' dir='ltr'>sicutenim</span> <span class='ocrx_word' id='word_1_221' title='bbox 1091 2868 1110 2906; x_wconf 87' lang='lat' dir='ltr'>a</span> <span class='ocrx_word' id='word_1_222' title='bbox 1123 2849 1316 2925; x_wconf 86' lang='lat' dir='ltr'>peccantibus</span> 
     </span>
     <span class='ocr_line' id='line_1_25' title="bbox 109 2942 1369 3021; baseline 0.004 -18"><span class='ocrx_word' id='word_1_223' title='bbox 109 2954 288 3020; x_wconf 82' lang='lat' dir='ltr'>separantur,</span> <span class='ocrx_word' id='word_1_224' title='bbox 311 2943 354 3004; x_wconf 90' lang='lat' dir='ltr'>sic</span> <span class='ocrx_word' id='word_1_225' title='bbox 378 2955 409 3004; x_wconf 88' lang='lat' dir='ltr'>et</span> <span class='ocrx_word' id='word_1_226' title='bbox 430 2963 483 3021; x_wconf 92' lang='lat' dir='ltr'>per</span> <span class='ocrx_word' id='word_1_227' title='bbox 509 2942 647 3004; x_wconf 90' lang='lat' dir='ltr'>meritum</span> <span class='ocrx_word' id='word_1_228' title='bbox 674 2942 826 3004; x_wconf 90' lang='lat' dir='ltr'>honoratis</span> <span class='ocrx_word' id='word_1_229' title='bbox 854 2943 1043 3004; x_wconf 82' lang='lat' dir='ltr'>subueniunt</span> <span class='ocrx_word' id='word_1_230' title='bbox 1086 2953 1208 3020; x_wconf 89' lang='lat' dir='ltr'>propter</span> <span class='ocrx_word' id='word_1_231' title='bbox 1233 2947 1315 3021; x_wconf 91' lang='lat' dir='ltr'>quod</span> <span class='ocrx_word' id='word_1_232' title='bbox 1332 2969 1369 3007; x_wconf 85' lang='lat'>20</span> 
     </span>
     <span class='ocr_line' id='line_1_26' title="bbox 110 3040 1317 3119; baseline 0.002 -19"><span class='ocrx_word' id='word_1_233' title='bbox 110 3042 184 3102; x_wconf 92' lang='lat' dir='ltr'>bene</span> <span class='ocrx_word' id='word_1_234' title='bbox 206 3043 356 3101; x_wconf 88' lang='lat' dir='ltr'>Dominus</span> <span class='ocrx_word' id='word_1_235' title='bbox 377 3041 418 3101; x_wconf 90' lang='lat' dir='ltr'>ait</span> <span class='ocrx_word' id='word_1_236' title='bbox 439 3043 522 3117; x_wconf 89' lang='lat' dir='ltr'>quod</span> <span class='ocrx_word' id='word_1_237' title='bbox 544 3042 654 3101; x_wconf 85' lang='lat' dir='ltr'>‘maius</span> <span class='ocrx_word' id='word_1_238' title='bbox 675 3040 828 3102; x_wconf 84' lang='lat' dir='ltr'>uidebitis’</span> <span class='ocrx_word' id='word_1_239' title='bbox 850 3052 880 3103; x_wconf 87' lang='lat' dir='ltr'>et</span> <span class='ocrx_word' id='word_1_240' title='bbox 902 3042 984 3119; x_wconf 92' lang='lat' dir='ltr'>quod</span> <span class='ocrx_word' id='word_1_241' title='bbox 1009 3042 1144 3103; x_wconf 86' lang='lat' dir='ltr'>‘caelum</span> <span class='ocrx_word' id='word_1_242' title='bbox 1168 3040 1317 3117; x_wconf 86' lang='lat' dir='ltr'>aperietur</span> 
     </span>
     <span class='ocr_line' id='line_1_27' title="bbox 108 3137 1314 3216; baseline 0 -19"><span class='ocrx_word' id='word_1_243' title='bbox 108 3139 247 3198; x_wconf 89' lang='lat' dir='ltr'>omnibus</span> <span class='ocrx_word' id='word_1_244' title='bbox 266 3158 320 3216; x_wconf 89' lang='lat' dir='ltr'>per</span> <span class='ocrx_word' id='word_1_245' title='bbox 340 3158 397 3211; x_wconf 94' lang='lat' dir='ltr'>me,</span> <span class='ocrx_word' id='word_1_246' title='bbox 413 3150 442 3199; x_wconf 92' lang='lat' dir='ltr'>et</span> <span class='ocrx_word' id='word_1_247' title='bbox 464 3157 569 3198; x_wconf 90' lang='lat' dir='ltr'>omnes</span> <span class='ocrx_word' id='word_1_248' title='bbox 590 3137 687 3215; x_wconf 83' lang='lat' dir='ltr'>angeli</span> <span class='ocrx_word' id='word_1_249' title='bbox 708 3157 826 3215; x_wconf 89' lang='lat' dir='ltr'>semper</span> <span class='ocrx_word' id='word_1_250' title='bbox 846 3156 964 3197; x_wconf 91' lang='lat' dir='ltr'>mecum</span> <span class='ocrx_word' id='word_1_251' title='bbox 985 3148 1081 3209; x_wconf 91' lang='lat' dir='ltr'>erunt,</span> <span class='ocrx_word' id='word_1_252' title='bbox 1099 3156 1180 3197; x_wconf 89' lang='lat' dir='ltr'>nunc</span> <span class='ocrx_word' id='word_1_253' title='bbox 1194 3137 1314 3215; x_wconf 87' lang='lat' dir='ltr'>quidem</span> 
     </span>
     <span class='ocr_line' id='line_1_28' title="bbox 108 3234 1316 3309; baseline 0.002 -14"><span class='ocrx_word' id='word_1_254' title='bbox 108 3238 302 3297; x_wconf 84' lang='lat' dir='ltr'>ascendentes</span> <span class='ocrx_word' id='word_1_255' title='bbox 333 3256 413 3296; x_wconf 87' lang='lat' dir='ltr'>nunc</span> <span class='ocrx_word' id='word_1_256' title='bbox 434 3257 506 3296; x_wconf 90' lang='lat' dir='ltr'>uero</span> <span class='ocrx_word' id='word_1_257' title='bbox 529 3237 790 3309; x_wconf 71' lang='lat' dir='ltr'>descendentes*,&#39;</span> <span class='ocrx_word' id='word_1_258' title='bbox 813 3236 890 3297; x_wconf 87' lang='lat' dir='ltr'>sicut</span> <span class='ocrx_word' id='word_1_259' title='bbox 913 3236 953 3296; x_wconf 89' lang='lat' dir='ltr'>ad</span> <span class='ocrx_word' id='word_1_260' title='bbox 974 3235 1174 3298; x_wconf 86' lang='lat' dir='ltr'>domesticum</span> <span class='ocrx_word' id='word_1_261' title='bbox 1200 3234 1258 3298; x_wconf 90' lang='lat' dir='ltr'>Dei</span> <span class='ocrx_word' id='word_1_262' title='bbox 1285 3247 1316 3298; x_wconf 86' lang='lat' dir='ltr'>et</span> 
     </span>
     <span class='ocr_line' id='line_1_29' title="bbox 108 3351 243 3394; baseline 0.022 -3"><span class='ocrx_word' id='word_1_263' title='bbox 108 3351 243 3394; x_wconf 78' lang='lat' dir='ltr'>amicum</span> 
     </span>
    </p>
   </div>
   <div class='ocr_carea' id='block_1_6' title="bbox 636 3476 780 3538">
    <p class='ocr_par' dir='ltr' id='par_1_6' title="bbox 636 3476 780 3538">
     <span class='ocr_line' id='line_1_30' title="bbox 636 3476 780 3538; baseline 0.007 -2"><span class='ocrx_word' id='word_1_264' title='bbox 636 3476 726 3536; x_wconf 75' lang='lat' dir='ltr'>Boot&lt;</span> <span class='ocrx_word' id='word_1_265' title='bbox 748 3493 780 3538; x_wconf 91' lang='lat'>11.</span> 
     </span>
    </p>
   </div>
   <div class='ocr_carea' id='block_1_7' title="bbox 148 3595 1276 3780">
    <p class='ocr_par' dir='ltr' id='par_1_7' title="bbox 148 3595 1276 3780">
     <span class='ocr_line' id='line_1_31' title="bbox 148 3595 1276 3679; baseline 0.004 -23"><span class='ocrx_word' id='word_1_266' title='bbox 148 3595 228 3679; x_wconf 74' lang='lat' dir='ltr'>[Act</span> <span class='ocrx_word' id='word_1_267' title='bbox 245 3599 338 3659; x_wconf 77' lang='lat' dir='ltr'>Cone</span> <span class='ocrx_word' id='word_1_268' title='bbox 355 3598 414 3659; x_wconf 72' lang='grc' dir='ltr'><strong>(ΣΡ.</strong></span> <span class='ocrx_word' id='word_1_269' title='bbox 430 3595 458 3657; x_wconf 91' lang='lat' dir='ltr'>ii.</span> <span class='ocrx_word' id='word_1_270' title='bbox 476 3613 515 3659; x_wconf 78' lang='grc' dir='ltr'>ιν.</span> <span class='ocrx_word' id='word_1_271' title='bbox 532 3617 581 3674; x_wconf 82' lang='lat'>49,</span> <span class='ocrx_word' id='word_1_272' title='bbox 594 3615 641 3675; x_wconf 84' lang='lat'>50.</span> <span class='ocrx_word' id='word_1_273' title='bbox 683 3616 711 3658; x_wconf 88' lang='lat' dir='ltr'>v.</span> <span class='ocrx_word' id='word_1_274' title='bbox 729 3598 798 3678; x_wconf 87' lang='lat' dir='ltr'>(“in</span> <span class='ocrx_word' id='word_1_275' title='bbox 812 3597 973 3660; x_wconf 86' lang='lat' dir='ltr'>Antiochia</span> <span class='ocrx_word' id='word_1_276' title='bbox 987 3598 1088 3678; x_wconf 89' lang='lat' dir='ltr'>Syriae</span> <span class='ocrx_word' id='word_1_277' title='bbox 1102 3597 1134 3659; x_wconf 91' lang='lat' dir='ltr'>in</span> <span class='ocrx_word' id='word_1_278' title='bbox 1149 3597 1276 3662; x_wconf 86' lang='lat' dir='ltr'>ecclesia</span> 
     </span>
     <span class='ocr_line' id='line_1_32' title="bbox 475 3693 944 3780; baseline 0.002 -25"><span class='ocrx_word' id='word_1_279' title='bbox 475 3696 691 3774; x_wconf 82' lang='lat' dir='ltr'>adloquens&#39;’).</span> <span class='ocrx_word' id='word_1_280' title='bbox 734 3695 801 3773; x_wconf 89' lang='lat' dir='ltr'>Vig.</span> <span class='ocrx_word' id='word_1_281' title='bbox 820 3713 867 3774; x_wconf 83' lang='lat'>50,</span> <span class='ocrx_word' id='word_1_282' title='bbox 884 3693 944 3780; x_wconf 81' lang='lat'>51].</span> 
     </span>
    </p>
   </div>
   <div class='ocr_carea' id='block_1_8' title="bbox 107 3818 1367 4288">
    <p class='ocr_par' dir='ltr' id='par_1_8' title="bbox 107 3818 1367 4288">
     <span class='ocr_line' id='line_1_33' title="bbox 169 3818 1367 3904; baseline 0.008 -28"><span class='ocrx_word' id='word_1_283' title='bbox 169 3818 274 3877; x_wconf 90' lang='lat' dir='ltr'>Homo</span> <span class='ocrx_word' id='word_1_284' title='bbox 296 3818 390 3880; x_wconf 84' lang='lat' dir='ltr'>Iesus.</span> <span class='ocrx_word' id='word_1_285' title='bbox 432 3821 564 3895; x_wconf 82' lang='lat' dir='ltr'>quidest</span> <span class='ocrx_word' id='word_1_286' title='bbox 581 3818 662 3879; x_wconf 90' lang='lat' dir='ltr'>euim</span> <span class='ocrx_word' id='word_1_287' title='bbox 681 3820 772 3891; x_wconf 75' lang='lat' dir='ltr'>homa</span> <span class='ocrx_word' id='word_1_288' title='bbox 788 3821 865 3896; x_wconf 84' lang='lat' dir='ltr'>quod</span> <span class='ocrx_word' id='word_1_289' title='bbox 876 3838 1018 3879; x_wconf 72' lang='lat' dir='ltr'>numeres</span> <span class='ocrx_word' id='word_1_290' title='bbox 1030 3820 1135 3892; x_wconf 79' lang='lat' dir='ltr'>eiuslll</span> <span class='ocrx_word' id='word_1_291' title='bbox 1161 3822 1315 3897; x_wconf 90' lang='lat' dir='ltr'>apostolus</span> <span class='ocrx_word' id='word_1_292' title='bbox 1332 3845 1367 3904; x_wconf 86' lang='lat'>²5</span> 
     </span>
     <span class='ocr_line' id='line_1_34' title="bbox 107 3916 1317 3992; baseline -0.002 -14"><span class='ocrx_word' id='word_1_293' title='bbox 107 3928 209 3978; x_wconf 87' lang='lat' dir='ltr'>autem</span> <span class='ocrx_word' id='word_1_294' title='bbox 223 3918 261 3977; x_wconf 88' lang='lat' dir='ltr'>de</span> <span class='ocrx_word' id='word_1_295' title='bbox 277 3919 347 3979; x_wconf 90' lang='lat' dir='ltr'>Iesu</span> <span class='ocrx_word' id='word_1_296' title='bbox 366 3917 482 3978; x_wconf 87' lang='lat' dir='ltr'>dictum</span> <span class='ocrx_word' id='word_1_297' title='bbox 503 3916 593 3978; x_wconf 82' lang='lat' dir='ltr'>fuisse</span> <span class='ocrx_word' id='word_1_298' title='bbox 611 3918 671 3977; x_wconf 87' lang='lat' dir='ltr'>hoe</span> <span class='ocrx_word' id='word_1_299' title='bbox 690 3916 781 3977; x_wconf 85' lang='lat' dir='ltr'>dixit:</span> <span class='ocrx_word' id='word_1_300' title='bbox 802 3937 865 3976; x_wconf 84' lang='lat' dir='ltr'>eum</span> <span class='ocrx_word' id='word_1_301' title='bbox 886 3916 966 3977; x_wconf 88' lang='lat' dir='ltr'>enim</span> <span class='ocrx_word' id='word_1_302' title='bbox 987 3917 1042 3992; x_wconf 81' lang='lat' dir='ltr'>qui</span> <span class='ocrx_word' id='word_1_303' title='bbox 1051 3916 1144 3990; x_wconf 80' lang='lat' dir='ltr'>paulo</span> <span class='ocrx_word' id='word_1_304' title='bbox 1164 3919 1261 3977; x_wconf 79' lang='lat' dir='ltr'>mrirus</span> <span class='ocrx_word' id='word_1_305' title='bbox 1279 3918 1317 3975; x_wconf 82' lang='lat' dir='ltr'>ab</span> 
     </span>
     <span class='ocr_line' id='line_1_35' title="bbox 107 4012 1315 4093; baseline 0 -20"><span class='ocrx_word' id='word_1_306' title='bbox 107 4016 218 4092; x_wconf 70' lang='lat' dir='ltr'>angelo</span> <span class='ocrx_word' id='word_1_307' title='bbox 237 4016 397 4076; x_wconf 72' lang='lat' dir='ltr'>minoratus</span> <span class='ocrx_word' id='word_1_308' title='bbox 409 4023 451 4075; x_wconf 82' lang='lat' dir='ltr'>est</span> <span class='ocrx_word' id='word_1_309' title='bbox 464 4017 601 4088; x_wconf 76' lang='lat' dir='ltr'>uriiemus,</span> <span class='ocrx_word' id='word_1_310' title='bbox 616 4014 721 4093; x_wconf 91' lang='lat' dir='ltr'>inquit,</span> <span class='ocrx_word' id='word_1_311' title='bbox 737 4014 872 4074; x_wconf 64' lang='lat' dir='ltr'>Iesumil.</span> <span class='ocrx_word' id='word_1_312' title='bbox 908 4014 982 4090; x_wconf 89' lang='lat' dir='ltr'>quid</span> <span class='ocrx_word' id='word_1_313' title='bbox 996 4014 1090 4089; x_wconf 85' lang='lat' dir='ltr'>ergo?</span> <span class='ocrx_word' id='word_1_314' title='bbox 1122 4012 1215 4073; x_wconf 88' lang='lat' dir='ltr'>homo</span> <span class='ocrx_word' id='word_1_315' title='bbox 1230 4016 1315 4073; x_wconf 89' lang='lat' dir='ltr'>Iesus</span> 
     </span>
     <span class='ocr_line' id='line_1_36' title="bbox 107 4107 1317 4181; baseline 0 -12"><span class='ocrx_word' id='word_1_316' title='bbox 107 4110 242 4171; x_wconf 78' lang='lat' dir='ltr'>similiter</span> <span class='ocrx_word' id='word_1_317' title='bbox 262 4110 402 4172; x_wconf 89' lang='lat' dir='ltr'>omnibus</span> <span class='ocrx_word' id='word_1_318' title='bbox 420 4110 601 4181; x_wconf 88' lang='lat' dir='ltr'>hominibus,</span> <span class='ocrx_word' id='word_1_319' title='bbox 619 4111 693 4171; x_wconf 90' lang='lat' dir='ltr'>nihil</span> <span class='ocrx_word' id='word_1_320' title='bbox 714 4111 855 4171; x_wconf 86' lang='lat' dir='ltr'>differens</span> <span class='ocrx_word' id='word_1_321' title='bbox 879 4108 1122 4170; x_wconf 89' lang='lat' dir='ltr'>connaturalibus</span> <span class='ocrx_word' id='word_1_322' title='bbox 1144 4107 1317 4170; x_wconf 90' lang='lat' dir='ltr'>hominibus</span> 
     </span>
     <span class='ocr_line' id='line_1_37' title="bbox 108 4203 1314 4288; baseline -0.002 -20"><span class='ocrx_word' id='word_1_323' title='bbox 108 4227 200 4285; x_wconf 89' lang='lat' dir='ltr'>quam</span> <span class='ocrx_word' id='word_1_324' title='bbox 214 4209 285 4287; x_wconf 90' lang='lat' dir='ltr'>quia</span> <span class='ocrx_word' id='word_1_325' title='bbox 299 4209 356 4287; x_wconf 94' lang='lat' dir='ltr'>ipsi</span> <span class='ocrx_word' id='word_1_326' title='bbox 370 4208 494 4286; x_wconf 85' lang='lat' dir='ltr'>gratiam</span> <span class='ocrx_word' id='word_1_327' title='bbox 508 4209 610 4284; x_wconf 87' lang='lat' dir='ltr'>dedit;</span> <span class='ocrx_word' id='word_1_328' title='bbox 630 4209 725 4288; x_wconf 89' lang='lat' dir='ltr'>gratia</span> <span class='ocrx_word' id='word_1_329' title='bbox 738 4221 840 4269; x_wconf 91' lang='lat' dir='ltr'>autem</span> <span class='ocrx_word' id='word_1_330' title='bbox 855 4209 925 4269; x_wconf 90' lang='lat' dir='ltr'>data</span> <span class='ocrx_word' id='word_1_331' title='bbox 939 4218 1076 4267; x_wconf 89' lang='lat' dir='ltr'>naturam</span> <span class='ocrx_word' id='word_1_332' title='bbox 1091 4225 1153 4265; x_wconf 90' lang='lat' dir='ltr'>non</span> <span class='ocrx_word' id='word_1_333' title='bbox 1168 4203 1314 4265; x_wconf 89' lang='lat' dir='ltr'>immutat.</span> 
     </span>
    </p>
   </div>
   <div class='ocr_carea' id='block_1_9' title="bbox 146 4342 1275 4692">
    <p class='ocr_par' dir='ltr' id='par_1_9' title="bbox 146 4342 1275 4692">
     <span class='ocr_line' id='line_1_38' title="bbox 271 4342 1153 4414; baseline -0.005 -19"><span class='ocrx_word' id='word_1_334' title='bbox 271 4347 416 4397; x_wconf 69' lang='lat' dir='ltr'>SetomC</span> <span class='ocrx_word' id='word_1_335' title='bbox 561 4363 593 4414; x_wconf 77' lang='lat'>29</span> <span class='ocrx_word' id='word_1_336' title='bbox 610 4348 769 4412; x_wconf 89' lang='lat' dir='ltr'>quemqueC</span> <span class='ocrx_word' id='word_1_337' title='bbox 801 4361 877 4409; x_wconf 86' lang='lat' dir='ltr'>quam</span> <span class='ocrx_word' id='word_1_338' title='bbox 889 4345 956 4409; x_wconf 91' lang='lat' dir='ltr'>quod</span> <span class='ocrx_word' id='word_1_339' title='bbox 975 4344 1000 4393; x_wconf 86' lang='lat' dir='ltr'><em>V</em></span> <span class='ocrx_word' id='word_1_340' title='bbox 1009 4342 1013 4407; x_wconf 86' lang='grc' dir='ltr'>Ι</span> <span class='ocrx_word' id='word_1_341' title='bbox 1028 4348 1108 4392; x_wconf 83' lang='lat' dir='ltr'>mutat</span> <span class='ocrx_word' id='word_1_342' title='bbox 1125 4342 1153 4391; x_wconf 88' lang='lat' dir='ltr'>V.</span> 
     </span>
     <span class='ocr_line' id='line_1_39' title="bbox 146 4448 1275 4518; baseline -0.004 -14"><span class='ocrx_word' id='word_1_343' title='bbox 146 4453 214 4515; x_wconf 79' lang='lat' dir='ltr'><strong>·[S.</strong></span> <span class='ocrx_word' id='word_1_344' title='bbox 226 4454 294 4518; x_wconf 89' lang='lat' dir='ltr'>John</span> <span class='ocrx_word' id='word_1_345' title='bbox 306 4455 322 4502; x_wconf 90' lang='lat' dir='ltr'>i.</span> <span class='ocrx_word' id='word_1_346' title='bbox 338 4453 426 4518; x_wconf 76' lang='lat' dir='ltr'><em>495q.]</em></span> <span class='ocrx_word' id='word_1_347' title='bbox 472 4452 549 4517; x_wconf 76' lang='lat' dir='ltr'>†[lb.</span> <span class='ocrx_word' id='word_1_348' title='bbox 562 4455 593 4505; x_wconf 86' lang='lat' dir='ltr'>xi.</span> <span class='ocrx_word' id='word_1_349' title='bbox 606 4454 659 4515; x_wconf 64' lang='lat' dir='ltr'>ap]</span> <span class='ocrx_word' id='word_1_350' title='bbox 701 4450 986 4516; x_wconf 75' lang='lat' dir='ltr'>‡[S.Matt.xri.r6.]</span> <span class='ocrx_word' id='word_1_351' title='bbox 1034 4448 1219 4510; x_wconf 59' lang='lat' dir='ltr'>§snauh</span> <span class='ocrx_word' id='word_1_352' title='bbox 1239 4463 1275 4500; x_wconf 85' lang='lat' dir='ltr'>rr.</span> 
     </span>
     <span class='ocr_line' id='line_1_40' title="bbox 465 4532 944 4596; baseline -0.019 -7"><span class='ocrx_word' id='word_1_353' title='bbox 465 4542 474 4590; x_wconf 90' lang='lat' dir='ltr'>ll</span> <span class='ocrx_word' id='word_1_354' title='bbox 491 4536 530 4584; x_wconf 89' lang='lat' dir='ltr'>Ps.</span> <span class='ocrx_word' id='word_1_355' title='bbox 544 4535 596 4583; x_wconf 87' lang='lat' dir='ltr'>viii.</span> <span class='ocrx_word' id='word_1_356' title='bbox 610 4548 632 4595; x_wconf 88' lang='lat'>5.</span> <span class='ocrx_word' id='word_1_357' title='bbox 766 4532 786 4582; x_wconf 76' lang='lat' dir='ltr'>tl</span> <span class='ocrx_word' id='word_1_358' title='bbox 800 4533 868 4582; x_wconf 88' lang='lat' dir='ltr'>Heb.</span> <span class='ocrx_word' id='word_1_359' title='bbox 881 4532 906 4581; x_wconf 90' lang='lat' dir='ltr'>ii.</span> <span class='ocrx_word' id='word_1_360' title='bbox 919 4547 944 4596; x_wconf 89' lang='lat'>9.</span> 
     </span>
     <span class='ocr_line' id='line_1_41' title="bbox 1127 4627 1227 4692; baseline -0.02 -17"><span class='ocrx_word' id='word_1_361' title='bbox 1127 4627 1227 4692; x_wconf 88' lang='lat'>19-2</span> 
     </span>
    </p>
   </div>
   <div class='ocr_carea' id='block_1_10' title="bbox 0 0 1576 5100">
    <p class='ocr_par' dir='ltr' id='par_1_10' title="bbox 0 0 1576 5100">
     <span class='ocr_line' id='line_1_42' title="bbox 0 0 1576 5100; baseline 0 3"><span class='ocrx_word' id='word_1_362' title='bbox 0 0 1576 5100; x_wconf 95' lang='lat' dir='ltr'> </span> 
     </span>
    </p>
   </div>
  </div>
 </body>
</html>
