3142 5100
255 372 294 436 32
584 375 815 429 sueononus
839 376 1133 430 mopsuestenus
1206 362 1280 447 [IV.
1299 361 1423 427 18—V.
1439 379 1471 442 3.

253 543 323 607 eius
342 545 524 611 aduentum
548 545 686 624 fuerant,
702 558 866 631 quantum
889 548 1010 613 attinet
1032 548 1074 611 ad
1098 566 1165 625 eos,
1182 546 1366 610 secundum
1388 565 1469 628 pro·

253 645 362 726 prium
388 654 520 730 tempus
545 648 789 727 laborauerunt
818 661 853 715 et
878 659 1016 733 propter
1036 649 1100 714 hoc
1120 650 1208 714 iusta
1232 648 1361 712 ratione
1387 667 1469 711 curn
1513 633 1518 642 ⁵

255 749 319 812 illis
344 750 602 832 deputabuntur.
647 763 761 818 tamen
784 755 864 837 quia
887 754 1048 818 memoria
1074 753 1241 816 dictorum
1266 750 1471 814 sufficienter

255 877 312 919 eos
335 857 377 920 ad
402 857 638 921 uerecundiam
662 858 806 931 induxit,
824 857 990 922 instruens
1015 876 1072 920 eos
1093 855 1217 937 pariter
1242 862 1280 918 ut
1302 852 1383 916 talia
1406 873 1470 915 ex-

224 968 428 1043 5pectantes
453 958 544 1022 bono
567 960 681 1023 animo
706 980 767 1043 pro
795 960 858 1024 illis
883 980 951 1023 non
978 957 1136 1023 deficiant
1159 957 1217 1041 qui
1241 958 1285 1020 ab
1306 955 1370 1019 hac
1393 957 1468 1019 uita

255 1060 439 1137 discedunt,
466 1060 528 1123 nisi
555 1071 719 1143 quantum
744 1062 870 1126 debent
892 1062 1039 1145 compati
1062 1071 1200 1144 propter
1221 1060 1407 1125 amicitiam
1432 1066 1468 1120 et

255 1162 388 1227 solitam
404 1164 699 1244 consuetudinem;
720 1166 810 1228 unde
825 1175 859 1230 et
875 1166 1000 1230 adicit:

321 1314 429 1397 itaque
442 1312 651 1379 emulamini
665 1314 701 1381 in
716 1314 854 1381 inuicem
870 1316 906 1380 in
921 1316 1029 1381 uerbis
1044 1316 1126 1383 istis.

323 1439 424 1504 ‘haec
440 1439 574 1523 (inquit)
597 1441 630 1504 in
646 1441 916 1506 tribulationibus
936 1442 1037 1526 positi
1054 1442 1196 1505 inuicem
1216 1441 1312 1504 uobis
1327 1440 1468 1518 referte;

205 1557 244 1606 10
256 1542 395 1607 sufficiet
421 1544 510 1606 enim
540 1562 655 1606 eorum
686 1544 848 1607 memoria
878 1545 1089 1607 audientibus
1128 1542 1211 1606 ferre
1240 1541 1406 1620 solatium,
1437 1544 1468 1607 si

256 1654 369 1710 tamen
386 1647 566 1709 domestici.
575 1655 653 1711 sunt
669 1644 746 1711 fidei
761 1657 796 1711 et
811 1668 878 1711 non
894 1647 1050 1712 dubitant
1060 1649 1108 1731 ¹de
1123 1647 1257 1714 futuris!

322 1797 361 1860 da
383 1797 574 1879 temporibus
599 1818 674 1861 uara
696 1808 728 1862 et
752 1799 928 1877 momentis,
945 1800 1085 1882 fratres,
1113 1821 1175 1863 mn
1199 1820 1316 1863 necesse
1343 1798 1469 1862 habetis

256 1900 390 1964 scribere
414 1900 527 1974 uobis,·
551 1899 615 1981 ipsi
633 1900 720 1964 enim
741 1902 927 1965 cautissime
944 1902 1042 1979 scitis,
1058 1902 1211 1987 quoniam
1234 1903 1303 1967 dia
1328 1902 1470 1966 Domini

256 2002 340 2065 sicta
345 2001 415 2083 fur
428 2001 464 2064 in
479 2012 565 2065 nocta
574 2001 621 2065 eie
634 2003 732 2069 uenit.

206 2145 242 2212 15
324 2129 464 2201 alterum
481 2131 600 2193 iterum
621 2129 675 2194 hic
698 2131 817 2214 incipit
842 2131 1036 2216 capitulum.
1071 2132 1298 2215 requirebatur
1317 2133 1406 2197 enim
1423 2133 1468 2196 ab

259 2230 330 2309 illis,
347 2233 500 2314 ‘quando
516 2232 579 2295 erit
594 2230 692 2295 huius
707 2233 830 2297 saeculi
846 2234 921 2298 finis
935 2233 964 2299 ?’
1009 2236 1094 2299 bene
1114 2256 1195 2318 ergo
1218 2236 1282 2299 illis
1300 2237 1415 2301 scribit
1429 2245 1468 2299 ut

259 2355 327 2398 non
356 2336 532 2418 requirant,
563 2355 671 2418 neque
701 2338 896 2401 existiment
926 2359 961 2401 se
991 2359 1091 2421 posse
1120 2339 1247 2403 discere
1276 2340 1333 2422 qui
1364 2338 1467 2403 semel

259 2437 437 2501 audierunt
473 2437 632 2519 quoniam
663 2438 826 2502 incertum
856 2449 907 2504 est
936 2449 1070 2523 tempus
1100 2442 1266 2504 aduentus
1295 2440 1468 2503 dominici.

258 2541 322 2606 hoc
351 2542 441 2605 enim
471 2542 575 2607 dicit:
612 2552 780 2626 tamquam
796 2544 865 2626 fur
887 2543 924 2608 iu
953 2555 1046 2622 nocte,
1072 2543 1234 2627 eoquod
1263 2552 1298 2608 et
1324 2542 1376 2607 fur
1399 2564 1467 2607 non

203 2670 246 2716 20
259 2647 454 2731 praedicens
471 2647 571 2711 uenit.
616 2657 650 2711 et
665 2648 745 2730 quia
760 2647 951 2712 inridebant
971 2649 1152 2712 aduersarii
1171 2646 1234 2711 hoc
1251 2649 1361 2730 ipsum
1376 2650 1466 2731 quod

259 2748 302 2813 ab
318 2748 381 2811 illis
396 2749 576 2826 dicebatur,
592 2747 742 2813 dicentes
758 2769 969 2833 nequaquam
986 2750 1055 2813 fieri
1071 2771 1179 2833 posse,
1195 2751 1298 2813 adicit
1314 2774 1321 2813 ε

321 2925 394 2970 cum
417 2902 583 2968 diluerint:
614 2905 698 2985 ‘pax
719 2912 752 2966 et
773 2902 946 2980 securitas‚'
965 2913 1042 2967 tunc
1062 2913 1186 2984 repente
1204 2869 1272 2967 illir
1293 2902 1396 2966 instat
1416 2925 1469 2967 ιτ-

233 3091 236 3097 ,
259 3007 457 3084 terminium,
472 3003 571 3069 sicuti
582 3004 675 3068 dalar
680 3014 803 3087 partus
817 3005 854 3070 in
869 3017 958 3069 utero
968 3004 1122 3082 habentis,
1138 3014 1170 3068 et
1183 3026 1246 3069 non
1261 3005 1423 3088 effugient.

310 3193 320 3228 1
339 3177 397 3226 adu.
409 3175 462 3225 eius
473 3191 489 3223 r
613 3194 628 3237 4
646 3172 743 3223 instruit
758 3170 864 3237 C(corr)
989 3187 1002 3236 5
1020 3173 1085 3223 hanc
1099 3170 1139 3222 C*
1265 3172 1281 3223 6
1298 3180 1395 3222 tantum
1413 3171 1472 3237 (sm

257 3257 354 3332 quant.)
368 3258 416 3307 Cr
519 3255 534 3304 8
551 3254 577 3304 in
590 3251 712 3318 (befinu.)
723 3270 763 3303 am
774 3254 809 3303 H
913 3269 930 3320 9
952 3255 1024 3304 uobis
1035 3255 1108 3304 uobis
1118 3254 1206 3305 referte
1217 3254 1252 3303 H
1343 3269 1373 3305 10
1389 3255 1468 3306 suffici

258 3340 351 3390 etenim
362 3353 414 3387 eor.
426 3335 572 3386 memoriam
586 3336 607 3384 C
610 3334 625 3360 ⁴
658 3334 762 3384 sufficiet
773 3334 841 3383 enim
854 3350 905 3386 eor.
919 3334 1066 3385 memoriam
1078 3351 1094 3383 r
1209 3351 1238 3385 12
1256 3342 1281 3384 et
1292 3350 1368 3384 mom.
1383 3350 1444 3386 uero
1455 3352 1471 3384 r

261 3439 290 3486 14
307 3421 392 3472 sicam
404 3436 420 3469 r
519 3432 547 3481 15
564 3424 624 3467 tunc
637 3414 767 3481 (aflenim)
779 3416 887 3466 addH'
989 3420 1018 3469 18
1035 3418 1131 3467 domini
1144 3415 1201 3482 (for
1210 3417 1339 3479 dominici)
1352 3434 1369 3467 r

294 3590 317 3639 3.
353 3572 548 3639 dmutabnntur]
565 3571 614 3622 See
632 3571 743 3630 Riinsch,
760 3573 838 3630 Itala,
889 3574 932 3625 the
947 3591 1017 3626 more
1031 3574 1156 3625 technieal
1170 3590 1243 3625 sense
1258 3573 1341 3624 which
1356 3572 1375 3624 it
1388 3590 1470 3625 seems

259 3673 285 3722 pi
309 3659 368 3719 3583
396 3655 506 3704 audior
532 3654 645 3718 compati,
668 3653 704 3702 ib.
726 3670 752 3719 p.
781 3654 835 3718 164.
889 3657 991 3706 tobeer
1006 3657 1072 3717 here,
1086 3656 1117 3707 cs.
1133 3668 1153 3707 1.
1166 3655 1249 3721 p-xli.
1284 3655 1380 3704 lumem
1396 3655 1470 3705 looks

264 3740 356 3787 Tamen
366 3736 412 3786 has
422 3736 530 3801 perhaps
540 3735 606 3785 been
620 3735 719 3785 written
732 3736 758 3786 in
769 3752 838 3786 error
888 3738 954 3788 back
962 3747 990 3788 to
1002 3738 1044 3788 the
1055 3738 1150 3788 section
1161 3736 1336 3802 commencing
1344 3743 1370 3786 at
1379 3736 1413 3789 iv.
1426 3753 1470 3800 133

259 3818 480 3884 sprtumortunc.
888 3834 930 3869 see
943 3819 1021 3883 p-n6,
1036 3819 1054 3869 1.
1068 3834 1107 3885 19.
1140 3819 1177 3868 At
1193 3817 1247 3868 that
1264 3818 1337 3883 point
1354 3818 1397 3869 the
1414 3835 1471 3885 pre·

297 3918 334 3953 ra.
351 3917 402 3951 nan
410 3916 498 3951 necesse
507 3900 611 3964 habetis]
627 3902 745 3965 otxpetuu
755 3901 836 3963 ἔχετε,
888 3902 979 3966 ceding
990 3902 1125 3951 Euthalian
1137 3901 1271 3962 κεφάλαιον
1280 3901 1379 3965 begins.

260 3986 339 4035 Thdt.
379 3983 837 4049 SoHieron.ep.121(Migneas,
925 3995 964 4044 17·
996 3983 1042 4046 qui
1055 3984 1130 4032 renui
1142 3981 1291 4044 mediemcnt]
1315 3981 1410 4033 Thdt:
1440 3978 1471 4034 tit

263 4068 351 4131 1035);
373 4065 459 4130 vulg..
480 4068 560 4115 “non
586 4062 730 4130 indigetis.”
767 4064 839 4113 Tert.
890 4063 1123 4126 προδεδιδαγμένοις
1133 4065 1212 4112 ταῦτα
1222 4064 1322 4125 γράφει.

260 4149 311 4199 and
333 4148 459 4198 Ambrstr.
476 4154 603 4213 represent
622 4147 666 4197 the
685 4146 790 4210 reading
812 4148 839 4196 οὐ
923 4161 961 4195 aa.
992 4145 1147 4208 repercutitis
1158 4144 1307 4205 instruunt]
1324 4144 1380 4193 The
1393 4143 1468 4194 Latin

260 4234 416 4298 χριίαέστίν.
449 4234 614 4290 Caun'ssime5
632 4233 711 4291 Tert,
731 4231 841 4280 “certis·
891 4226 1002 4276 versinus
1024 4225 1114 4276 render
1135 4228 1266 4276 ἐπίσταται
1288 4227 1356 4290 hya
1377 4226 1468 4277 future.

260 4316 351 4377 sime‚”
364 4316 449 4379 Vulg.²
466 4316 623 4380 “diligenter
633 4312 657 4371 ;''
667 4313 700 4362 cf.
712 4325 731 4362 1.
744 4328 771 4377 p.
783 4313 818 4362 xl.
892 4308 943 4357 For
968 4308 1153 4368 exterminium,
1184 4323 1225 4358 see
1254 4308 1364 4367 Riinsch,
1391 4310 1470 4363 Itala.

297 4409 335 4458 15.
369 4397 477 4445 alterum
489 4392 765 4458 emanaturam]
790 4394 840 4444 For
890 4405 916 4455 p·
930 4403 970 4456 ²9·
998 4389 1078 4440 Dolor
1083 4396 1174 4454 partus
1187 4389 1393 4454 (nudesimpiy)
1404 4389 1471 4440 finds

260 4477 399 4541 capitulum
414 4491 455 4527 see
472 4475 581 4534 Rbusch
596 4473 672 4531 Itala,
688 4489 714 4537 p.
728 4476 788 4537 3283
806 4490 839 4522 on
891 4473 961 4538 piace
973 4472 1027 4522 also
1043 4472 1069 4523 in
1082 4473 1206 4523 Ambrstr.
1218 4473 1268 4523 and
1281 4472 1365 4521 Sedui.
1382 4471 1452 4521 Scot.
