3142 5100
115 330 135 394 Ι.
152 346 192 407 12,
209 329 263 415 ιη]
521 340 563 391 m
588 341 641 393 se.
663 340 715 391 An
737 340 868 392 τιτοιι.
1234 341 1295 405 243

114 517 163 582 sed
177 538 215 581 ex
229 514 389 600 gentibus.
433 513 560 578 dictum
576 524 628 579 est
643 522 755 579 autem
771 524 906 597 apoeta
921 514 1135 586 Cretensibus
1151 534 1191 577 eo
1206 515 1296 597 quod

114 622 252 704 derogare
277 618 343 682 illis
373 617 488 697 uoluit,
518 638 559 681 ea
588 619 715 682 ratione
745 638 847 700 quarn
872 617 1178 701 promittebantse
1205 616 1297 680 Iouis

113 746 196 807 posse
208 722 415 806 sepulchrum
438 723 472 786 in
490 724 558 809 suis
575 731 768 797 monstrare,
785 742 852 786 non
871 721 1007 786 homine
1022 723 1190 786 existente
1215 720 1298 785 Ioue

113 830 154 907 (ut
164 837 253 912 poeta
263 827 486 913 opinabatur),
496 829 554 892 sed
571 829 643 892 deo.
674 824 755 909 †illi
771 847 851 891 uero
866 827 923 910 qui
941 837 1057 891 contra
1073 826 1297 893 Christianum

112 933 218 1016 dogma
241 933 566 1016 contrascripserunt,
594 932 658 997 hoc
688 933 722 995 in
752 933 826 996 loco
850 932 1008 996 dixerunt
1035 934 1136 996 etiarn
1161 933 1296 996 beatum
1337 939 1352 1005 5

114 1038 233 1102 Paulum
258 1039 431 1120 recepisse,
454 1058 494 1101 eo
518 1039 608 1120 quod
634 1039 721 1102 iusta
747 1037 874 1102 ratione
898 1036 981 1101 haec
1002 1045 1104 1121 poeta
1127 1057 1188 1120 pro
1216 1036 1298 1100 Ioue

112 1141 250 1206 aduersus
282 1142 460 1207 Cretenses
488 1143 634 1217 dixerit;
671 1163 737 1207 non
776 1142 986 1207 intendentes
1023 1162 1130 1225 neque
1160 1141 1297 1205 modurn

112 1245 266 1325 apostolici
282 1246 375 1324 dicti,
392 1265 500 1327 neque
515 1244 596 1308 illud
612 1246 702 1329 quod
719 1245 862 1333 dixerit:
885 1244 1101 1310 testimonium
1115 1245 1172 1308 Ιιοι
1185 1265 1298 1308 uerum

110 1358 156 1411 est.
194 1369 256 1411 non
281 1348 371 1412 enim
396 1369 517 1431 poema
547 1367 655 1431 neque
681 1357 802 1431 poetae
826 1368 944 1413 uocem
970 1350 1094 1432 recipit,
1120 1350 1179 1413 sed
1204 1351 1298 1433 quasi

112 1454 267 1534 prouerbio
294 1453 442 1538 quodam
473 1462 593 1535 poetae
622 1473 705 1517 uoce
734 1452 869 1532 abusus,
900 1473 940 1517 eo
970 1452 1060 1537 quod
1098 1453 1183 1517 forte
1219 1463 1299 1516 tunc
1317 1465 1356 1512 10

163 1616 192 1684 οἱ
216 1616 303 1684 κατὰ
333 1619 402 1684 τῶν
433 1621 666 1708 χριοτιανιιιῶν
695 1615 912 1702 συντάξαντες
950 1616 1123 1701 δογμάτων
1158 1614 1300 1683 ἐνταῦθα

108 1716 223 1804 ἔφασαν
243 1719 303 1789 καὶ
326 1719 384 1787 τὸν
407 1720 567 1807 μακάρων
590 1720 730 1788 Παῦλον
755 1719 982 1810 ἀποδέχεσθαι
1003 1719 1063 1803 τὴν
1082 1724 1141 1787 τοῦ
1162 1724 1300 1800 ποιητοῦ

109 1824 206 1906 φωνὴν
232 1824 289 1891 καὶ
319 1824 548 1911 ἐπιμαρτυρεῖν
577 1822 673 1912 αὐτῷ,
701 1823 743 1895 ὥς
771 1823 815 1890 ἂν
844 1822 977 1895 δικαίως
1005 1828 1112 1890 ταῦτα
1136 1821 1219 1911 ὑπὲρ
1242 1826 1301 1889 τοῦ

108 1924 175 1997 Διὸς
194 1927 269 2017 περὶ
300 1929 442 2016 Κρητῶν
464 1926 618 2015 εἰρηκότι,
641 1925 679 1994 οὗ
709 1926 981 2016 προσεσχηκάτες
1006 1925 1082 1994 οὔτε
1111 1929 1159 2015 τῷ
1187 1926 1300 2013 τρόπῳ

107 2031 157 2107 τῆς
188 2034 243 2098 τοῦ
272 2029 465 2097 ἀποστόλου
493 2030 655 2120 χρήσεως,
685 2029 761 2098 οὔτε
790 2032 838 2120 τῷ
874 2032 893 2096 ei
924 2028 1070 2118 νορτγρῖο
1102 2030 1178 2106 airu
1217 2026 1298 2096 scrin
1319 2040 1355 2108 15

105 2127 220 2200 tinum·
256 2133 296 2201 οῦ
328 2133 394 2220 γὰρ
424 2133 461 2201 τὸ
490 2135 618 2217 ποίημα
646 2134 722 2202 οῦδὲ
749 2133 810 2217 τὴν
838 2138 896 2201 τοῦ
925 2136 1063 2217 ποιητοῦ
1099 2131 1303 2224 ἀποδέχεται

108 2238 212 2321 φωνήν,
226 2236 305 2304 ἀλλ’
327 2236 370 2310 oie
388 2238 550 2331 παροιμία
569 2241 611 2325 τῇ
630 2241 688 2305 τοῦ
703 2243 843 2322 ποιητοῦ
859 2243 952 2327 φωνῇ
969 2240 1186 2330 χρησάμενος,
1200 2239 1303 2330 τυχὸν

148 2414 161 2448 ι
177 2415 224 2465 qua
236 2401 259 2452 C
269 2401 346 2463 (ινιτ)
481 2414 496 2465 3
512 2402 652 2452 ministrare
662 2403 697 2453 H
705 2402 709 2468 Ι
724 2402 854 2453 hominum
864 2403 987 2454 existente
999 2404 1086 2454 Iouem
1100 2403 1136 2454 C'
1140 2403 1175 2453 H
1201 2402 1304 2453 homine

105 2479 291 2533 utente-Ioue
303 2481 408 2546 Giton)
475 2496 488 2545 5
506 2484 657 2550 scripserunt
670 2485 694 2535 C
757 2497 771 2550 7
789 2484 926 2536 Cretensen
936 2484 975 2536 δ’
1009 2485 1154 2537 Cretensem
1165 2483 1211 2551 ΙΙΙ
1227 2485 1304 2535 modo

104 2561 127 2611 in
137 2563 189 2627 (sor
197 2565 312 2630 modum)
324 2566 359 2615 H
420 2579 451 2616 ιο
461 2581 549 2616 uocem
563 2566 586 2616 C
594 2567 628 2617 H
634 2582 651 2616 r
716 2581 744 2616 rr
762 2581 801 2633 sq.
816 2567 894 2618 Coisl.
905 2582 960 2629 204,
974 2568 992 2617 ι’.
1001 2581 1047 2632 ιι7
1059 2583 1075 2618 ε
1086 2569 1141 2632 [Cr.
1152 2568 1195 2617 vii.
1207 2581 1248 2633 91,
1260 2567 1303 2616 Fr.

106 2646 156 2708 157]
171 2646 292 2712 lethum
305 2648 345 2696 nul
357 2647 470 2710 θεόδωροι
485 2649 511 2699 δὲ
526 2645 612 2708 ὁμοίως
622 2651 698 2710 φησιν
707 2649 751 2711 [sc
766 2650 900 2713 σευηριονῷ
911 2649 945 2715 (υ.
958 2651 1000 2701 Cr.
1013 2652 1030 2700 l.
1042 2652 1095 2714 c.)]'
1108 2653 1130 2701 ol
1141 2652 1212 2713 κατά,
1227 2655 1302 2703 ιι.τ.λ.

106 2741 131 2791 15
145 2728 181 2778 ln
191 2728 240 2790 (lor
250 2727 316 2793 οὔτε)
328 2729 386 2779 cod.
488 2741 517 2793 ι7
534 2729 623 2793 χρῆσιν
635 2730 683 2794 (sor
694 2733 789 2793 φωνήν)
807 2731 849 2782 Fr.
864 2737 891 2793 φ.
903 2748 953 2782 om.
968 2733 1010 2783 Cr.
1017 2750 1026 2793 ;
1043 2739 1098 2793 txt.,
1111 2732 1168 2783 cod.

105 2869 221 2925 Scholiast
232 2872 508 2940 toLueian(Fabric.1.
518 2874 675 2941 73)χρησμο·
725 2881 775 2938 λος,
786 2876 852 2929 ἀλλά
865 2874 947 2929 lenuis
962 2875 1035 2929 οὕτως
1050 2877 1139 2940 ἔλαβεν
1154 2874 1199 2936 τὴν
1215 2893 1304 2941 μαρτυ-

102 2955 177 3018 λόγος,
187 2959 222 3023 by
233 2960 350 3011 Socrates
360 2960 403 3010 the
414 2958 535 3010 historiari
548 2959 672 3021 τελευτῆς,
725 2963 779 3026 ρίαν
799 2965 840 3013 καὶ
859 2958 957 3024 ἀφελῶς
975 2958 1034 3024 τρόι
1052 2958 1081 3009 τὰ
1103 2958 1159 3021 ἦθος
1178 2956 1305 3009 αὐτῶντὸ

102 3041 149 3089 and
158 3042 191 3104 by
203 3043 277 3093 Plato
288 3042 405 3104 (Ellicott
417 3042 454 3092 ad
461 3041 525 3102 nl.)
537 3044 597 3092 Ocior
608 3041 673 3105 ἀνήρ.
726 3046 883 3108 ἐψευσμένον.
912 3044 985 3094 Hier.
994 3043 1031 3093 ad
1038 3043 1068 3093 l.:
1080 3047 1192 3108 “putant
1202 3042 1305 3107 quidam

133 3140 156 3190 3.
182 3143 233 3176 non
250 3126 351 3176 homine
366 3126 488 3186 existmte,
507 3125 564 3186 δια]
598 3125 675 3176 Calli·
727 3126 869 3190 apostolum
880 3124 1115 3192 reprehendendum
1128 3122 1197 3188 quod
1212 3123 1305 3188 impru·

103 3208 201 3259 machus
217 3209 310 3273 [Clem.
325 3210 398 3260 Alex.
416 3210 467 3259 coh.
485 3209 520 3258 ad
536 3210 582 3259 Gr.
594 3210 620 3259 ii.
634 3209 677 3273 37]
727 3210 815 3259 denter
832 3208 916 3274 lapsus
926 3208 966 3268 sit,
980 3214 1006 3258 et
1022 3207 1083 3257 dum
1099 3207 1174 3258 falsos
1190 3209 1307 3261 doctores

101 3295 139 3353 ορ.
150 3290 254 3355 Chrys:
271 3291 311 3340 nul
322 3287 373 3353 γὰρ
383 3289 469 3351 τάφον,
490 3285 577 3350 aba,
592 3288 663 3354 σεῖοΙ
727 3290 816 3355 arguit,
842 3290 912 3339 illum
935 3288 1085 3339 uersiculum
1104 3290 1303 3354 comprobarit...

101 3371 191 3432 Κρῆτες
212 3370 381 3432 ἐτεκτήνατο·
405 3372 436 3421 ov)
449 3369 470 3420 δ’
487 3368 514 3421 ου’
532 3369 608 3431 θάνες,
623 3373 678 3421 ἐσσὶ
728 3373 819 3439 quibus
836 3372 945 3422 breuiter
964 3371 1165 3436 respondendum
1185 3380 1306 3424 est...non

101 3453 210 3516 γὶρεὶεί.
729 3463 810 3505 toturn
831 3471 895 3521 opus
912 3454 1061 3504 Callimachi
1078 3454 1131 3505 siue
1150 3455 1307 3520 Epimenidis

131 3556 154 3599 4.
184 3538 228 3587 ali
243 3553 300 3586 uero
319 3537 373 3602 qui,
393 3536 453 3598 δια]
486 3535 537 3585 “It
552 3535 599 3585 hos
614 3535 679 3585 been
732 3554 897 3603 ...perunum
913 3537 1063 3587 uersiculum
1079 3537 1243 3598 confirmauit,
1263 3539 1307 3589 sed

101 3616 216 3681 objected
227 3617 282 3668 that
293 3617 320 3668 S.
336 3617 397 3666 Paul
409 3618 554 3666 endorsesa
570 3615 679 3666 heathen
730 3617 862 3669 Cretenses
881 3624 979 3668 tantum
998 3618 1132 3669 mendaces
1147 3620 1210 3670 uitio
1225 3618 1308 3683 gentis

100 3698 179 3762 poet’s
190 3699 270 3750 belief
283 3700 310 3748 in
321 3700 364 3749 the
376 3698 446 3762 deity
457 3699 486 3749 ol
498 3699 578 3759 Zeus3
594 3699 640 3748 but
652 3698 678 3747 in
729 3697 893 3765 increpnuit.”

100 3778 148 3828 lact
168 3780 202 3830 he
226 3779 314 3829 makes
334 3777 439 3828 himself
462 3777 616 3844 responsible
641 3777 680 3826 lor
763 3795 786 3844 5.
814 3779 1063 3845 contrasmpsmmt]
1078 3782 1126 3832 See
1138 3780 1308 3839 Hildebrand,

100 3860 208 3926 nothing
217 3876 287 3911 more
299 3860 361 3910 than
371 3860 415 3910 the
425 3860 517 3924 charge
533 3858 563 3908 oi
575 3873 680 3908 unvero·
729 3863 875 3927 Apulup.
883 3875 939 3928 597.
957 3862 1305 3927 Cf.contrasr'sterc(1.p.108,

98 3941 149 4005 city
158 3941 245 3991 which
255 3943 299 3992 the
310 3949 370 4007 poet
381 3942 435 4005 lays
446 3942 544 4006 against
559 3940 602 3991 the
619 3939 678 3990 Cre·
729 3944 747 3992 l.
763 3957 800 4007 15,
814 3943 880 4004 lte),
894 3943 944 3993 and
956 3943 999 3994 the
1009 3944 1166 4008 compounds
1181 3942 1210 3992 ol
1223 3952 1308 3994 contra

99 4021 172 4072 lans)
208 4022 249 4074 Cl'.
268 4024 372 4088 Chrys:
392 4025 458 4072 clm
474 4021 625 4086 ὀτροφήτης
642 4023 679 4072 ὅτι
729 4021 1308 4087 clledbyPaucker,melet.lexist.alt..ii.p.14.
1391 4054 1396 4061 -

98 4105 231 4167 ψεύδονται
251 4107 274 4155 ol
292 4103 388 4169 Kpirres
405 4106 428 4154 ol
446 4107 489 4155 τὸν
507 4106 554 4154 Δία
572 4102 680 4155 εἰπόντες
762 4117 785 4167 9.
833 4118 884 4154 non
905 4104 972 4153 urim
986 4110 1082 4168 poema,
1105 4102 1162 4164 δια]
1194 4103 1307 4166 Jerome:

97 4189 308 4246 τετελευτηκέναι.
353 4187 500 4250 ἐβεβαίωσεν
522 4188 567 4246 τὴν
592 4204 679 4249 μορτυ·
730 4189 805 4234 “ιιου
818 4191 898 4235 totum
909 4199 1010 4235 carmen
1021 4184 1054 4234 de
1071 4200 1121 4249 quo
1138 4185 1309 4234 testimonium

96 4268 239 4332 ρίονοῦτοῦ
255 4269 269 4318 ὁ
284 4265 427 4318 ἀπόστολος.
480 4264 624 4318 οἱκοῦνκοτὰ
638 4266 680 4315 τὸν
731 4266 844 4328 sumitur,
857 4282 908 4315 non
919 4265 1061 4315 uniuersum
1073 4280 1144 4329 opus,
1156 4266 1200 4314 sed
1212 4272 1310 4314 tantum

95 4350 238 4403 ἀπόστολον
248 4350 391 4403 taburno
402 4348 540 4402 Ζεύι,..τῦς
551 4352 617 4400 ἐστὶν
627 4352 680 4399 τοῦ·
731 4349 780 4399 hoc
791 4348 969 4410 testimonium,
984 4347 1026 4398 hic
1035 4346 1171 4397 uersiculos
1181 4362 1232 4412 quo
1244 4362 1310 4395 men-

96 4431 323 4493 retrusionem
340 4429 369 4481 οῦ
381 4434 452 4481 τοῦτο
467 4433 532 4481 εἶτεν
548 4432 561 4481 ὁ
576 4427 680 4481 ‹irio-ro·
731 4431 798 4480 duces
809 4427 955 4480 uocantur.”

1120 4525 1222 4586 ιιι-ι
