3142 5100
252 368 294 430 28
583 381 813 434 ruaooonus
836 379 1128 433 mopsuestenus
1322 360 1404 445 [IV.
1428 378 1441 423 ι
1449 372 1476 439 5.

252 550 413 617 mientes’
444 555 554 633 dixit;
593 574 634 620 eo
663 557 753 638 quod
784 552 995 639 ibiquidem
1027 553 1136 616 adhuc
1167 571 1256 616 mors
1286 560 1375 630 erat,
1410 568 1477 613 nec

252 657 342 721 enim
367 657 474 723 luerat
502 659 629 737 soluta;
662 659 727 723 hoc
756 678 836 723 uero
867 660 901 722 in
928 659 1002 722 loco
1032 657 1267 720 dormitionem
1298 656 1406 731 dixit,
1434 673 1478 716 eo

252 764 343 843 quod
378 763 444 827 iam
478 774 550 828 erat
582 783 671 827 mors
703 765 775 846 ipsa
805 760 944 838 soluta*,
978 763 1049 825 siue
1080 762 1262 825 secundum
1296 757 1478 842 promissi·

254 883 362 939 onem,
393 865 464 928 siue
493 866 677 929 secundum
707 885 802 947 opus,
833 862 970 947 quando
992 873 1106 927 tamen
1134 864 1208 946 quis
1234 862 1315 926 illud
1348 881 1477 925 secun·

222 966 335 1045 §dum
353 965 522 1030 Christum
541 967 737 1030 examinare
755 967 898 1031 uoluerit
916 987 961 1030 cx
985 966 1124 1030 mortuis
1147 975 1390 1048 resurgentem.
1441 973 1478 1026 et

255 1071 298 1133 ad
314 1071 473 1133 maiorem
494 1070 659 1133 dictorum
677 1068 965 1133 confirmationem
989 1070 1101 1152 posuit
1116 1088 1236 1132 uoces:
1262 1069 1308 1131 ‘si
1326 1065 1476 1150 (inquit)

255 1183 404 1236 mortuus
425 1172 576 1237 Christus
597 1172 741 1236 surrexit
756 1183 790 1236 et
812 1172 893 1236 nihil
911 1174 940 1236 ei
960 1172 1095 1235 obsistit
1114 1172 1156 1236 ad
1178 1172 1476 1244 resurrectionem,

256 1276 418 1359 quiahoc
439 1277 545 1341 uoluit
567 1277 668 1354 Deus,
690 1287 724 1341 et
743 1278 879 1360 quidem
900 1277 1061 1359 primitus,
1088 1276 1230 1339 necdum
1259 1286 1331 1339 erat
1354 1274 1477 1338 soluta

256 1400 367 1457 mors;
401 1380 507 1443 multo
531 1380 639 1462 magis
666 1380 699 1443 in
726 1380 823 1443 nobis
850 1378 931 1442 illud
956 1399 1029 1442 esse
1055 1388 1132 1460 post
1152 1377 1351 1441 solutionem
1380 1377 1476 1439 iusta

205 1500 244 1546 10
256 1481 422 1544 credimus
445 1479 593 1545 ratione!
638 1484 740 1545 etiam
757 1492 793 1545 et
809 1483 890 1547 illud
912 1481 1153 1545 intendendum
1169 1489 1228 1557 est,
1244 1482 1409 1562 quoniam
1430 1480 1476 1543 de

257 1585 493 1649 resurrectione
517 1585 691 1668 disputans
713 1585 847 1658 Christi,
863 1585 1098 1649 dormientium
1120 1584 1395 1647 resurrectionem
1423 1604 1475 1646 re·

257 1684 412 1767 linquens
436 1685 555 1762 dicere,
576 1687 619 1750 de
645 1687 874 1769 assumptione
894 1688 1066 1770 disputat,
1090 1688 1227 1751 euidens
1253 1688 1391 1770 quidem
1420 1693 1476 1750 est

258 1789 416 1869 quoniam
432 1790 652 1871 assumptioni
668 1790 770 1853 etiam
786 1792 1033 1853 resurrectionis
1048 1789 1212 1853 confessio
1224 1788 1267 1852 sit
1279 1791 1472 1853 coniuncta.

259 1911 336 1954 nam
362 1892 404 1955 de
427 1892 491 1955 illis
510 1912 597 1975 quae
616 1894 862 1975 supereminere
886 1893 1087 1956 uidebantur
1107 1893 1214 1976 magis
1232 1914 1290 1956 eos
1314 1894 1347 1956 in
1372 1912 1473 1975 prae-

206 2007 242 2073 15
258 1995 343 2057 senti
376 1996 510 2078 negotio
551 1996 690 2060 suadere
731 1996 932 2079 deproperat
941 2019 950 2075 3
981 1996 1071 2079 quod
1099 2007 1134 2060 et
1163 1997 1262 2061 latius
1293 1997 1472 2080 explicans

259 2096 442 2160 futurorum
458 2098 605 2162 ostendit
621 2099 886 2180 magnitudinem
902 2118 910 2162 τ

325 2221 382 2284 hoc
394 2223 482 2286 enim
498 2223 588 2287 uobis
602 2223 743 2286 dicimus
756 2224 792 2286 in
808 2225 902 2288 uerbo
916 2223 1062 2291 Domini.

322 2332 408 2396 bene
431 2336 542 2415 posuit
568 2334 604 2396 in
630 2335 724 2398 uerbo
742 2333 889 2410 Domini,
913 2332 1003 2416 †hoc
1028 2347 1087 2411 est,
1112 2338 1313 2401 ‘secundum
1340 2338 1470 2402 reuela-

260 2437 386 2499 tionem
415 2457 501 2518 quae
525 2438 755 2519 inoperatione
780 2437 896 2501 diuina
923 2439 956 2502 in
984 2440 1080 2503 nobis
1106 2439 1194 2503 facta
1220 2462 1293 2504 esse
1317 2442 1469 2507 uidetur?

206 2556 248 2602 20
262 2563 321 2605 nec
349 2541 438 2605 enim
458 2552 530 2605 erat
549 2542 593 2605 de
618 2539 736 2605 suturis
763 2542 888 2607 dicenti
910 2542 939 2606 ei
964 2543 1106 2621 credere,
1121 2545 1149 2607 si
1171 2566 1238 2609 non
1259 2545 1337 2609 inde
1352 2546 1470 2611 suisset

261 2644 429 2709 edoctus*

261 2765 297 2832 δὲ
311 2770 377 2833 τῶν
390 2771 520 2835 λοιπῶν
540 2772 612 2845 roic
635 2775 848 2836 tonuerunt·
878 2769 920 2839 ds
941 2771 1008 2836 ἐκεῖ
1022 2769 1082 2850 μὲν
1099 2771 1241 2838 θανάτου
1256 2771 1415 2843 ὄνταςδιὰ
1435 2773 1472 2839 τὸ

260 2871 393 2955 μηδέπω
407 2873 577 2942 λελύσθαι·
600 2874 739 2940 ἐνταῦθα
754 2874 790 2940 δὲ
805 2875 995 2958 κοιμήσεως,
1012 2874 1066 2940 διὰ
1081 2875 1118 2941 τὸ
1132 2876 1193 2957 ἤδη
1209 2876 1379 2943 λελύσθαι.

326 2971 400 3040 ἀντὶ
429 2979 487 3042 τοῦ
516 2975 612 3041 κατὰ
641 2974 908 3063 ἀποκάλυψιν·
943 2977 980 3042 ού
1009 2975 1072 3064 γὰρ
1101 2977 1143 3060 ἦν
1172 2978 1249 3064 περὶ
1276 2979 1470 3061 μελλόντων

260 3075 478 3143 πιστεύεσθαι
500 3077 646 3163 λέγοντα,
670 3078 715 3161 μὴ
739 3079 861 3146 ἐκεῖθεν
882 3079 1039 3162 μαθόντα.

309 3208 326 3259 6
342 3212 464 3262 maiorum
478 3213 500 3262 C
509 3215 544 3262 H
550 3212 554 3278 Ι
569 3213 641 3263 uobis
651 3216 659 3274 (
661 3213 709 3277 sor
717 3216 803 3276 uoces)
818 3216 925 3275 Clcorr)
1023 3232 1039 3281 9
1055 3222 1113 3280 post
1123 3233 1163 3266 om
1176 3216 1259 3267 C‘H
1358 3231 1386 3279 ιη
1396 3218 1472 3267 uobis

261 3311 301 3344 om
313 3296 343 3345 H
346 3294 360 3320 ⁴
443 3310 472 3360 ¹9
489 3297 634 3360 operatione
647 3298 749 3356 Cicorr)
829 3310 857 3346 οι
876 3305 902 3346 et
913 3297 986 3347 datus
999 3297 1078 3347 C'H
1107 3307 1133 3348 et
1143 3299 1238 3349 dictum
1250 3315 1267 3348 r
1342 3313 1374 3361 24
1391 3299 1471 3349 Coisl.

263 3390 318 3438 204,
328 3373 348 3421 i.
359 3375 429 3436 r7ob
440 3375 495 3437 [Cr.
507 3376 539 3425 vi.
555 3374 615 3439 362]
627 3377 680 3425 ent
690 3378 740 3440 τοῦ,
754 3379 830 3426 enh.

262 3503 349 3561 vv.ll.;
366 3504 410 3554 the
421 3504 472 3554 Gk.
481 3506 685 3570 suppliesaclue
696 3513 722 3556 to
734 3506 776 3557 the
788 3514 843 3557 true
930 3524 967 3558 rs.
1000 3511 1029 3559 de
1050 3512 1224 3577 assumptione]
1247 3514 1364 3576 περὶτῆς
1381 3511 1471 3572 αἰαλῆ-

264 3586 375 3650 reading.
405 3587 460 3637 The
472 3588 594 3653 fragment
606 3590 680 3654 given
691 3591 772 3640 above
783 3590 843 3639 isin
894 3592 964 3652 ψεως.
1017 3592 1073 3642 The
1100 3594 1209 3658 Aposue
1236 3611 1321 3660 passes
1348 3596 1472 3660 naturally

264 3667 307 3717 the
323 3675 411 3717 catena
427 3669 568 3720 embedded
590 3670 617 3719 in
633 3688 648 3721 a
664 3670 726 3736 long
747 3679 842 3721 extract
893 3670 957 3720 from
972 3671 1015 3721 the
1026 3677 1191 3725 resurrection
1202 3676 1232 3726 ol
1246 3678 1288 3727 the
1301 3679 1368 3727 dead
1385 3687 1410 3727 to
1429 3679 1472 3728 the

264 3749 328 3797 srorn
348 3749 447 3811 Chrys..
470 3749 553 3799 where
571 3751 590 3800 it
609 3751 701 3801 breaks
720 3752 763 3801 the
784 3767 843 3801 con·
892 3753 1063 3816 synchrouous
1080 3766 1180 3823 rapture
1195 3759 1225 3807 oi
1239 3760 1281 3809 the
1299 3760 1379 3825 living
1395 3760 1474 3824 (ἡμεῖς

264 3831 355 3879 nexion
364 3830 394 3878 oi
400 3845 525 3893 grammar
533 3833 583 3880 and
592 3832 705 3896 thought
735 3833 843 3896 Chryso·
893 3840 1254 3904 οῑηύντες..,αμπαγησόμεθαλ

264 3909 351 3960 stom's
359 3926 415 3959 own
427 3912 526 3961 remark
537 3929 570 3962 on
582 3911 842 3964 drtduroisunsatis·
929 3922 966 3970 ιθ.
1000 3923 1096 3979 κακαί,
1114 3938 1159 3971 ιιι.
1182 3924 1365 3985 nudationem]
1398 3924 1472 3974 Cited

264 3993 360 4058 sactory
377 3992 409 4054 (d.
421 3995 513 4054 ἔθηκεν,
531 3996 613 4055 ἐπειδὴ
628 3998 668 4046 καὶ
683 3999 712 4047 τὸ
730 3999 773 4057 τῆς
787 3996 842 4046 θνα·
894 4002 928 4064 by
940 4002 1074 4052 lanfranc.
1109 4003 1149 4053 Cf.
1162 4004 1252 4054 Thdt.:
1270 4008 1297 4054 ού
1314 4010 1364 4069 γὰρ
1379 4009 1473 4058 οἰκείοις

264 4076 374 4126 στάσεως
396 4075 501 4136 citeron
528 4077 612 4127 whilst
634 4079 712 4129 Thdt.
729 4079 767 4127 ad
779 4080 804 4129 lu
824 4079 843 4127 l.
894 4084 1009 4145 χρώμεθα
1039 4087 1178 4147 λογισμοῖι,»
1196 4084 1253 4135 ἀλλ’
1275 4090 1303 4136 ἐκ
1332 4091 1396 4138 θείας
1418 4087 1474 4149 ἡμῖν

265 4158 378 4221 explains
392 4157 411 4207 it
427 4174 455 4207 as
469 4175 485 4207 a
499 4160 552 4209 side
568 4160 648 4210 thrust
663 4169 688 4209 at
703 4161 775 4210 those
786 4161 844 4211 who
894 4159 1073 4226 ἀποκαλύψεως
1088 4165 1410 4230 ἠδιδοσκαλίαγεγένηται.
1435 4171 1472 4221 Si·

265 4238 324 4288 held
336 4238 433 4289 docetic
444 4240 520 4290 views
531 4241 561 4289 oi
569 4242 611 4291 the
621 4243 713 4291 Person
722 4242 752 4290 of
760 4242 844 4293 Christ
894 4244 992 4309 milarly
1014 4247 1104 4311 Chrys.
1139 4249 1254 4312 Pelagius
1276 4264 1311 4298 on
1333 4250 1376 4299 the
1401 4252 1472 4301 other

266 4319 324 4381 (ἔφη
342 4321 380 4368 διὰ
396 4323 450 4371 τούς
465 4320 618 4385 ἀρνουμένους
634 4325 677 4383 τῆς
693 4326 780 4386 σαρκὸς
800 4326 844 4384 τὴν
895 4330 963 4379 hand
974 4328 1117 4394 iuterprets:
1130 4333 1184 4379 “ex
1192 4332 1316 4396 euangelii
1323 4333 1471 4383 sententia.”

266 4400 406 4466 ἀνάληψιν).
927 4426 967 4460 so.
1002 4411 1196 4474 necenim,drc.]
1212 4412 1313 4475 Chrys:
1327 4415 1470 4473 ξένονέμελ-

298 4500 322 4543 4.
355 4483 455 4545 quando
473 4490 555 4532 tamen
577 4483 784 4549 quir...uoluerit]
808 4484 845 4548 τηῖ
894 4488 937 4536 λεν
959 4489 1048 4548 λέγειν’
1078 4489 1115 4539 διὰ
1135 4493 1264 4541 τοῦτοκαὶ
1284 4491 1313 4541 τὰ
1333 4491 1471 4553 ἀξιόπιστον

263 4574 295 4619 γε
309 4559 456 4621 βουλομένῳ.
498 4560 538 4611 Cl.
555 4561 580 4611 si
593 4563 769 4624 sammai-7⁶.
893 4566 995 4623 τίθησιν.
