3142 5100
438 406 479 455 ιτς
506 407 558 456 nn.
582 407 631 455 no
656 405 917 456 nrrrnnnonnn.
1055 392 1060 399 “
1211 402 1275 469 259

75 572 220 638 idoneum
245 597 322 640 eum
347 576 518 654 exhibens,
543 579 601 641 sed
626 587 658 641 et
682 579 816 661 pietatis
835 599 911 642 eum
931 577 1054 642 habere
1070 580 1184 642 docuit
1200 580 1272 643 dili-

73 680 220 756 gentiam.
258 682 372 744 scribit
387 703 466 763 ergo
483 682 516 744 in
531 682 593 744 hac
609 682 748 762 epistola
766 680 952 755 Philemoni
968 680 1142 763 postulans
1159 694 1195 746 ut
1211 686 1273 767 ipsi

75 780 224 845 Onesimo
240 805 302 865 pro
318 787 439 867 quibus
451 786 578 850 dudum
593 785 776 868 deliquerat
788 786 921 849 ueniam
934 786 1103 861 tribueret,
1114 787 1274 868 reciperet

72 902 141 946 uero
156 906 231 949 eum
248 887 282 950 in
299 889 418 953 affectu
436 890 480 953 ob
496 900 704 971 praesentem
722 890 882 972 propositi
900 891 970 953 eius
986 890 1234 953 correctionem.

129 990 184 1050 sed
211 1003 448 1073 argumentum
479 995 614 1076 quidem
646 994 807 1076 epistolae
838 995 870 1057 in
901 993 952 1057 his
983 994 1131 1058 habetur.
1190 994 1270 1077 quid
1309 1013 1325 1079 5

72 1108 141 1152 uero
166 1112 209 1154 ex
233 1114 274 1157 ea
298 1094 378 1159 lucri
402 1099 507 1178 possit
532 1097 661 1179 adquiri
686 1098 842 1160 conuenit
870 1092 1076 1161 manifestius
1102 1098 1271 1180 explicari,

72 1193 141 1273 quia
175 1216 235 1258 nec
273 1200 429 1262 omnibus
461 1200 493 1263 id
531 1201 690 1263 existimo
721 1220 818 1281 posse
849 1221 919 1263 esse
950 1202 1142 1284 cognitum3
1180 1203 1271 1283 quod

73 1302 208 1363 maxime
239 1303 343 1364 etiam
373 1304 442 1385 ipse
468 1325 489 1366 a
515 1303 611 1367 nobis
633 1304 748 1367 disseri
776 1304 959 1385 postulasti.
1006 1305 1149 1387 primum
1180 1303 1272 1385 equi-

72 1403 139 1465 dem
179 1405 259 1466 illud
301 1416 352 1468 est
393 1406 658 1487 perspiciendum
704 1408 782 1488 quia
823 1409 1089 1488 quattuordecim
1133 1430 1271 1472 numero

71 1518 140 1567 sunt
162 1507 324 1588 epistolae
355 1529 471 1571 omnes
505 1509 607 1571 Pauli.
655 1531 699 1571 ex
730 1510 780 1572 his
811 1531 891 1573 uero
918 1511 1002 1575 aliae
1031 1513 1167 1596 quidem
1192 1523 1270 1577 sunt
1290 1535 1328 1583 10

72 1610 200 1690 scriptae
230 1611 286 1672 ad'
306 1612 460 1674 ecclesias
500 1613 654 1693 integras,
684 1613 781 1675 sicuti
812 1624 889 1678 sunt
919 1617 1080 1697 epistolae
1110 1639 1196 1699 quae
1226 1621 1270 1684 ad

73 1710 233 1775 Romanos
256 1725 291 1778 et
316 1715 505 1779 Corinthios
528 1727 562 1779 et
587 1717 760 1780 Hebraeos
783 1729 817 1781 et
835 1719 999 1801 Ephesios
1019 1729 1053 1783 et
1076 1721 1213 1786 Galatas
1236 1735 1270 1787 et

74 1811 289 1897 Philippenses
312 1826 347 1880 et
374 1817 589 1882 Colossenses
616 1830 650 1882 et
677 1820 993 1887 Thessalonicenses
1016 1826 1159 1907 scriptae
1183 1839 1269 1892 sunt.

71 1917 146 1981 aliae
161 1941 239 1984 uero
254 1933 335 1985 sunt
350 1924 510 2004 speciales
526 1925 568 1986 ad
586 1923 714 2007 aliquos
729 1926 881 2008 scriptae,
897 1927 982 1991 si'cut
997 1938 1075 1993 sunt
1091 1929 1167 2009 illae
1183 1952 1269 2013 quae

71 2020 109 2081 ad
136 2022 351 2089 Timotheum
383 2038 417 2091 et
447 2029 561 2091 Titum
592 2039 670 2092 sunt
700 2031 850 2112 scriptae,
881 2052 968 2113 quae
1007 2052 1068 2114 pro
1099 2036 1268 2097 communi
1288 2051 1322 2116 15

71 2126 202 2191 utilitate
224 2131 378 2196 similiter
395 2135 536 2216 scriptae
554 2143 640 2207 sunt,
659 2135 735 2199 licet
758 2134 917 2217 speciales
936 2156 1009 2200 esse
1029 2138 1270 2219 perspiciantur

70 2246 104 2289 ea
131 2235 256 2299 ratione
294 2258 361 2319 qua
398 2239 489 2320 ipsae
526 2240 687 2321 epistolae
727 2241 770 2304 ad
809 2250 916 2304 certas
954 2261 1112 2324 personas
1150 2249 1269 2324 utpote

70 2335 217 2412 speciales
232 2350 312 2404 sunt
327 2343 488 2423 scriptae;
512 2351 626 2406 tamen
642 2344 720 2427 quia
736 2344 902 2407 instruunt
918 2364 975 2408 eos
997 2344 1087 2427 ipsae
1108 2344 1269 2427 epistolae

69 2437 140 2519 quid
155 2460 212 2504 eos
233 2446 413 2509 conueniat
429 2445 543 2518 iacere,
566 2467 610 2509 ex
630 2447 751 2529 quibus
772 2446 836 2511 hoc
856 2469 1034 2511 commune
1049 2469 1122 2511 esse
1136 2449 1269 2512 uidetur

69 2542 201 2625 plurima
227 2568 273 2611 ex
300 2560 394 2632 parte
419 2551 464 2614 ob
490 2551 648 2614 insertam
665 2553 698 2613 in
714 2551 845 2615 hisdem
860 2552 1029 2630 uirtutem,
1047 2551 1105 2616 illa
1126 2573 1213 2634 quae
1234 2553 1266 2616 in
1284 2558 1325 2605 20

68 2669 235 2714 commune
251 2652 286 2715 in
302 2652 440 2717 ecclesia
455 2655 509 2736 agi
524 2655 726 2717 conueniant
746 2655 801 2718 uel
816 2654 906 2737 quali
922 2656 1037 2719 ordine
1052 2657 1107 2739 agi
1123 2657 1268 2722 debeant

69 2755 190 2820 edocuit
206 2777 274 2821 eos.
312 2757 449 2821 euidens
465 2765 515 2819 est
531 2765 644 2821 autem
661 2758 820 2838 quoniam
832 2758 941 2821 omnis
956 2759 1158 2841 quicumque
1172 2781 1268 2842 prae·

68 2878 132 2924 esse
145 2863 368 2938 constituitur,
383 2882 614 2944 quaecumque
636 2864 755 2925 doctus
776 2861 873 2925 ruerit
894 2883 954 2944 pro
974 2863 1143 2926 communi
1161 2862 1267 2926 iacere

110 3070 242 3121 ainhane
253 3071 384 3135 epistolam
397 3071 430 3119 H
569 3071 828 3136 3derelinqueratH
874 3070 1034 3136 reliqueratr
1174 3070 1266 3135 squid

67 3151 264 3202 uero...sirniliter
275 3153 317 3216 (p.
331 3151 385 3211 τός,
400 3153 417 3201 l.
430 3151 454 3213 5)
465 3167 504 3200 om
516 3168 532 3201 τ
649 3150 665 3201 6
681 3152 743 3202 lucri
754 3170 785 3201 ex
797 3169 828 3202 ea
838 3153 871 3201 H
880 3151 884 3217 Ι
900 3152 1025 3201 cumuenit
1040 3149 1074 3201 C*
1091 3148 1095 3214 Ι
1109 3149 1233 3215 explicare
1247 3152 1270 3199 C

66 3234 294 3300 exploctari(sic)H
354 3233 421 3284 seri
433 3235 483 3282 iam
492 3234 501 3293 (
502 3232 689 3298 soretiamlc'
710 3233 941 3294 heriiamC(corr)
1011 3247 1040 3282 10
1057 3231 1272 3295 omnesep.P.H

69 3326 94 3374 ¹7
109 3329 170 3378 qnae
181 3315 240 3378 (sor
251 3316 311 3379 qua)
325 3313 361 3363 C*
395 3314 454 3378 quia
468 3312 572 3373 Chen)
598 3311 603 3377 Ι
618 3322 644 3362 ut
657 3315 665 3372 (
667 3312 716 3377 sor
726 3315 824 3378 utpote)
839 3313 874 3363 C*
888 3313 941 3373 (but
950 3313 1011 3362 wira
1025 3314 1117 3361 lacuna
1124 3311 1266 3377 stallmeing)

66 3403 122 3446 utet
136 3399 157 3446 C
166 3398 242 3458 (corr)
343 3397 372 3446 18
388 3396 549 3444 sensuntH
645 3410 674 3460 19
691 3394 901 3445 uidenturC'Il
995 3410 1024 3444 aa
1043 3401 1079 3444 est
1090 3394 1174 3443 omH

96 3581 118 3627 Β.
153 3577 633 3643 pse...p0srulasn]1.e.,Cyrinus;cs.
689 3578 781 3627 Euseb.
801 3578 881 3627 ΗΕ.
896 3577 931 3626 iii.
953 3589 980 3626 n:
998 3577 1040 3624 τοῦ
1056 3577 1083 3624 δὲ
1093 3573 1193 3625 Παύλου
1209 3573 1265 3638 τρό-

66 3669 84 3706 1.
99 3675 139 3724 pp.
158 3662 192 3720 xi,
205 3669 265 3709 note
280 3675 300 3719 Ι,
317 3659 386 3717 1κίἰί;
404 3671 435 3707 11.
453 3675 479 3723 p.
499 3662 554 3721 238,
574 3658 591 3707 l.
614 3675 634 3717 1,
688 3660 757 3717 δηλοι
774 3660 814 3706 καὶ
832 3660 917 3718 ταφεῖς
931 3658 953 3705 ol
970 3658 1151 3720 δεκατέσσαρες.
1185 3657 1263 3706 Thdt.

66 3749 127 3789 note.
161 3741 199 3791 Oi
213 3742 262 3791 this
274 3741 382 3804 Cyrinus
393 3741 500 3804 nothing
514 3756 594 3789 seems
612 3749 638 3789 to
682 3740 748 3804 prol.
768 3739 797 3787 in
815 3740 879 3803 Epp.
900 3739 995 3788 Pauli:
1020 3738 1062 3787 τὰς
1083 3739 1199 3800 τέτταρας
1221 3738 1265 3795 μέν

65 3817 221 3884 becertainly
232 3821 333 3869 known
371 3820 471 3868 Hecan
485 3819 637 3883 scarcelybe
689 3824 727 3870 roi
762 3824 821 3871 δέκα
853 3822 983 3870 ἐπιστολὰς
1010 3818 1024 3867 ὁ
1051 3837 1109 3875 ner.
1139 3822 1265 3881 γέγραφεν

66 3902 176 3952 ἰάεαιίαιί
188 3904 248 3953 with
266 3904 309 3953 the
322 3919 412 3967 enemy
423 3903 452 3953 of
466 3903 565 3967 Chrys,
580 3903 638 3952 who
688 3901 794 3950 Παῦλος.
824 3900 866 3950 On
881 3897 953 3948 Th's
970 3898 1049 3948 belief
1062 3899 1088 3947 in
1105 3899 1147 3947 the
1162 3899 1266 3947 Pauline

67 3997 112 4031 nas
126 3983 173 4047 Bp.
189 3984 219 4033 oi
233 3985 389 4041 Chalcedon,
405 3984 451 4033 but
468 3984 497 4033 os
512 3982 637 4048 Egyptian
687 3979 834 4043 authorship
852 3979 881 4027 of
895 3978 937 4027 the
956 3979 1004 4042 Ep.
1025 3984 1052 4027 to
1070 3977 1113 4026 the
1130 3976 1262 4036 Hebrews,

66 4066 147 4130 origin,
156 4067 207 4119 and
216 4068 273 4116 who
285 4067 344 4116 died
356 4079 416 4115 nn.
428 4081 475 4130 405
486 4066 533 4128 (Le
543 4065 633 4128 Quien,
686 4078 728 4112 see
741 4073 759 4110 1.
773 4076 798 4125 p.
816 4073 870 4122 129,
883 4058 900 4107 l.
918 4073 954 4108 ια.

69 4149 150 4196 Oriens
167 4150 227 4197 Chr,
247 4162 266 4197 1.
286 4147 354 4211 601).
388 4149 503 4197 Another
520 4146 636 4210 Cyrinus,
723 4157 761 4190 ιτ.
792 4138 935 4188 Corinthios
949 4144 973 4186 ct
986 4136 1119 4198 Hebraeos]
1143 4137 1222 4186 Seel.
1236 4152 1261 4200 p.

67 4228 109 4292 Bp.
121 4229 150 4279 ol
161 4231 259 4289 Patara,
273 4246 325 4278 was
337 4238 435 4293 present
448 4239 475 4279 at
490 4229 636 4278 Chalcedon
688 4220 727 4298 nd,
739 4222 756 4270 l.
768 4235 805 4280 10,
817 4227 885 4269 note.
907 4219 985 4268 Thdt.
996 4219 1060 4280 (ic.)
1070 4219 1154 4283 places
1162 4218 1204 4267 the
1213 4218 1264 4282 Ep.

66 4308 89 4355 in
100 4324 159 4370 4⁵¹5
175 4310 207 4358 ci
222 4311 259 4358 Le
271 4309 365 4370 Quien,
377 4325 400 4373 p.
416 4312 471 4374 978.
687 4312 714 4352 to
733 4303 775 4351 the
796 4301 920 4350 Hebrews
936 4300 963 4347 in
981 4298 1054 4348 order
1071 4297 1100 4347 oi
1123 4299 1184 4346 time
1201 4298 1265 4347 aiter

94 4399 117 4449 9.
151 4389 348 4452 quattuordecim
360 4388 470 4449 nurnero]
496 4386 536 4437 Ci.
554 4388 636 4436 Const.
687 4386 827 4444 Philemon,
864 4382 1004 4446 Ephesians
1032 4380 1083 4428 and
1120 4379 1264 4429 Colossinus

67 4476 133 4529 apen.
142 4471 188 4532 84:
201 4470 302 4519 Παυλοο
313 4470 441 4518 ἐπιστολαί
453 4470 636 4530 δεκατέσσαρες.
688 4467 760 4527 (μετὰ
771 4468 867 4516 τούτους
875 4463 994 4529 Ἑβραίοις
1009 4462 1167 4521 ἐπέστειλεν).

1075 4582 1176 4648 17-2
