3142 5100
199 377 360 465 1.6.]
1057 396 1140 449 m
1191 396 1296 449 ΕΡ.
1340 398 1445 449 AD
1490 397 1755 451 τιτυΜ.
1901 405 1905 410 ·
2479 397 2603 463 237

320 571 488 635 sicut
516 581 744 637 autem
782 573 1155 637 errantibus
1194 572 1464 655 pietatis
1508 573 1805 657 cognitio
1841 580 1945 637 est
1987 569 2373 649 necessaria,
2405 572 2502 636 sic
2536 580 2606 636 et

199 673 320 737 illis
369 675 479 757 qui
520 676 940 740 crediderunt
986 677 1356 739 necessaria
1404 696 1548 740 esse
1598 677 1934 740 uideretur
1983 676 2421 740 commonitio
2467 675 2604 758 pie-

200 777 389 856 tatis3
463 780 642 861 quod
705 800 839 843 non
897 780 1090 844 aliter
1148 780 1288 844 fieri
1342 789 1567 863 potest
1617 780 1741 843 nisi
1795 799 2028 844 omnes
2083 780 2151 843 in
2197 799 2404 842 unum
2448 800 2605 843 con-

203 881 484 960 ueniant,
532 882 802 964 sintque
849 882 936 945 ad
995 881 1125 946 hoc
1182 884 1341 947 certi
1403 882 1598 947 electi
1657 882 1770 965 qui
1825 883 2083 964 possint
2131 902 2254 946 sua
2301 882 2605 946 doctrina

203 988 730 1052 commonitionis
775 987 1052 1069 implere
1095 987 1407 1051 officium.
1494 986 1624 1050 hoc
1664 1006 1823 1050 uero
1861 985 2138 1069 implere
2168 994 2477 1069 poterant
2513 1009 2593 1049 εκ
2681 1009 2710 1073 5

204 1090 558 1171 presbyteri
578 1090 993 1155 ordinatione
1022 1089 1135 1172 qui
1167 1090 1718 1154 conuenientibus
1740 1088 1870 1152 illis
1900 1089 2242 1171 disputare
2268 1096 2338 1151 et
2369 1089 2425 1153 ἀι
2445 1113 2601 1153 πωπω

206 1214 313 1257 eos
355 1203 659 1278 poterant
698 1194 784 1258 de
825 1193 928 1257 his
965 1214 1136 1275 quae
1184 1194 1434 1258 discere
1474 1214 1590 1258 eos
1636 1192 2166 1271 conueniebant;
2212 1192 2389 1256 unde
2429 1205 2493 1253 ct
2541 1197 2601 1253 iu

206 1300 523 1379 praesenti
563 1298 805 1362 horum
853 1298 1277 1362 solummodo
1323 1308 1425 1363 est
1469 1306 1894 1374 memoratuS,
1949 1318 2030 1365 eo
2082 1298 2262 1380 quod
2300 1297 2389 1361 ob
2437 1301 2601 1361 ham:

209 1399 411 1482 ipsam
448 1421 714 1465 causam
756 1400 1115 1483 plurimum
1154 1400 1461 1465 utilitatis
1498 1401 1565 1464 in
1603 1399 1940 1464 communi
1988 1402 2247 1482 possint
2287 1420 2405 1465 con
2421 1401 2601 1465 fex-re.

208 1512 273 1567 et
314 1505 575 1587 quidem
629 1505 902 1569 euidens
954 1514 1056 1569 est
1103 1506 1419 1588 quoniam
1468 1515 1537 1570 et
1589 1506 1788 1570 ceteri
1838 1515 2027 1570 erant
2075 1509 2437 1581 necessarii,
2493 1513 2601 1585 qui
2645 1521 2722 1565 m

211 1606 392 1671 simul
433 1609 496 1672 in
535 1609 837 1673 ordinem
875 1609 1259 1675 clericorum
1297 1632 1491 1675 suum
1529 1612 1821 1675 officium
1861 1611 2233 1695 implerent,
2274 1629 2393 1693 per
2441 1633 2605 1689 [luna-

213 1711 511 1794 explicari
542 1724 853 1798 poterant
893 1714 1007 1780 illa
1046 1737 1219 1799 quae
1253 1715 1340 1780 ad
1389 1736 1814 1781 communem
1852 1717 2188 1799 pertinent
2231 1712 2601 1777 utilitatem.

216 1814 439 1879 deinde
468 1817 663 1880 iterat
695 1817 858 1881 illud
905 1820 1086 1902 quod
1130 1819 1436 1884 dixerat:
1479 1820 1649 1884 sicut
1672 1840 1784 1905 ego
1811 1818 2141 1903 praecipio
2184 1817 2322 1895 tibi,
2357 1821 2605 1881 docens

218 1917 429 1999 quales
455 1920 750 1984 debeant
779 1921 1148 2005 presbyteri
1178 1922 1508 1987 ordinari:

331 2055 392 2118 si
413 2055 559 2139 quis
586 2066 803 2121 autem
830 2056 968 2121 sine
994 2058 1278 2124 crimine.
2645 2089 2661 2129 π
2685 2085 2710 2147 5,·

333 2178 438 2259 qui
489 2198 624 2241 non
674 2198 765 2240 ex
816 2178 1088 2241 crimine
1134 2189 1579 2261 peccatorum,
1613 2178 1734 2244 sed
1784 2198 1874 2242 ex
1922 2176 2102 2242 uitae
2148 2196 2308 2240 suae
2361 2197 2603 2257 uzi-*gno-

218 2280 401 2344 scitur
445 2281 867 2365 integritate3
931 2284 1025 2347 ita
1073 2293 1147 2348 ut
1199 2284 1345 2367 ipsa
1393 2305 1550 2347 uera
1611 2286 1866 2349 ratione
1925 2285 2067 2347 sine
2127 2282 2401 2346 crimine
2461 2305 2601 2345 mse

221 2396 647 2466 cognoscatur,
673 2405 906 2449 omnes
935 2385 1490 2451 calumniatorum
1521 2387 1798 2452 insidias
1827 2405 2163 2470 superans,

336 2529 524 2595 unius
550 2530 773 2596 uxoris
801 2532 929 2600 uir.

338 2653 577 2717 dictum
639 2663 743 2718 est
776 2654 953 2717 enim
994 2652 1187 2716 nobis
1215 2651 1343 2717 hoc
1373 2651 1553 2717 idem
1595 2649 1794 2716 latius
1835 2650 1902 2715 in
1934 2649 2049 2717 illa
2090 2651 2369 2735 epistola
2405 2673 2597 2731 quam
2637 2669 2718 2717 εει

221 2753 301 2817 ad
352 2755 769 2822 Timotheum
831 2756 1129 2840 inprimis
1202 2756 1456 2820 dudum
1527 2740 2008 2838 ‘scripseramus
2080 2775 2285 2838 quare
2357 2757 2601 2817 dixerit·

222 2856 397 2922 unius
437 2860 656 2923 avons
705 2859 947 2936 uirum,
1008 2868 1079 2923 et
1126 2857 1539 2941 superfluum
1599 2858 1919 2922 existimo
1978 2858 2065 2922 ad
2115 2879 2429 2941 praesens
2493 2861 2605 2921 illa

225 2961 355 3043 ipsa
406 2964 655 3029 iterare.
746 2984 868 3027 nec
926 2973 1152 3027 autem
1224 2964 1570 3027 euidenter
1627 2962 1715 3026 de
1773 2961 1902 3026 illis
1959 2982 2133 3045 quae
2196 2960 2605 3024 haesitmmr

225 3071 668 3150 compendiose
708 3070 857 3152 quis
897 3069 1143 3152 poterit
1185 3068 1569 3150 explicare;
1615 3077 1684 3131 et
1713 3067 1941 3130 omnia
1983 3064 2096 3128 illa
2126 3085 2299 3146 quae
2331 3065 2417 3126 ibi
2457 3078 2605 3126 sunt

224 3172 443 3254 scripta
485 3173 614 3237 hoc
661 3175 729 3237 in
779 3173 930 3237 loco
980 3193 1228 3256 ponere
1276 3193 1410 3236 non
1461 3192 1607 3235 esse
1655 3192 1895 3235 censeo
1938 3168 2397 3242 necessarium,
2453 3194 2601 3230 [nm
2641 3190 2714 3254 25

307 3319 333 3353 ἰ
366 3307 553 3358 uidetur
579 3308 623 3357 C
644 3309 793 3369 (cm)
817 3324 850 3356 r
1005 3322 1032 3372 5
1067 3307 1431 3358 commonionis
1459 3307 1503 3358 C
1562 3306 1929 3357 communionis
1950 3321 1985 3354 r
2009 3303 2019 3369 Ι
2045 3305 2243 3371 impleri
2267 3305 2381 3369 (scr
2405 3310 2609 3370 inwhw

224 3386 321 3452 [1⁰1)
348 3390 410 3439 C‘
432 3391 498 3440 Η
517 3388 527 3454 Ι
553 3398 749 3456 poterat
778 3390 822 3441 C
840 3391 906 3439 Η
913 3406 946 3438 r
1139 3389 1171 3440 6
1203 3390 1506 3440 ordinationi
1534 3389 1600 3438 H
1788 3403 1814 3452 7
1849 3396 2046 3453 poterat
2068 3403 2101 3436 r
2313 3389 2345 3438 8
2381 3390 2469 3434 hac
2501 3390 2613 3450 [ffu-

222 3466 353 3532 hanc)
379 3471 444 3521 C'
458 3473 524 3521 Η
649 3488 667 3522 1
682 3487 701 3522 1
742 3472 918 3522 ordine
945 3472 989 3522 C
1008 3471 1155 3535 (corr)
1180 3488 1213 3520 r
1344 3485 1399 3534 15
1436 3479 1511 3521 est
1536 3470 1636 3534 (afl
1655 3469 1880 3531 crimine)
1904 3470 2010 3519 add
2030 3469 2074 3518 C
2094 3465 2240 3534 (corr)
2263 3485 2296 3517 r
2453 3486 2505 3534 [ῃ
2533 3490 2601 3534 suf,

224 3550 692 3617 unius...mysterium
714 3554 799 3618 [p.
830 3568 941 3620 239,
969 3553 1001 3602 l.
1036 3553 1087 3616 π]
1110 3569 1188 3603 om
1209 3569 1243 3602 r
1436 3566 1496 3616 25
1522 3552 1690 3601 censio
1718 3550 1789 3602 C*
1806 3552 1875 3600 Η

225 3664 301 3714 the
320 3665 379 3716 Ο.
396 3667 454 3717 L.
470 3668 566 3718 and
591 3668 743 3732 Vulg.
803 3668 925 3717 Tibi
944 3670 988 3718 is
1004 3668 1233 3734 supplied
1248 3668 1350 3732 just
1454 3668 1764 3733 importance
1786 3668 1887 3717 and
1910 3666 2110 3732 utility.'

226 3743 367 3796 below
407 3747 458 3796 in
509 3749 596 3798 the
642 3764 826 3797 comm.
873 3747 926 3809 (l.
985 3748 1082 3811 13),
1131 3748 1231 3797 and
1288 3747 1352 3797 its
1518 3763 1600 3798 21.
1670 3749 1864 3798 dudum
1894 3746 2270 3812 scripseramus]
2332 3747 2441 3798 The:
2477 3766 2513 3794 ει
2529 3769 2585 3794 ιιι,

226 3828 437 3879 omission
478 3830 531 3880 in
567 3831 655 3880 the
693 3837 799 3880 text
840 3845 944 3880 was
988 3830 1244 3880 doubtloes
1288 3845 1353 3878 an
1454 3836 1681 3894 mentm-y
1713 3846 1779 3879 on
1811 3830 2053 3894 Timothy
2077 3845 2178 3878 was
2213 3828 2405 3878 written
2445 3842 2485 3874 :st
2529 3834 2609 3878 tin:

228 3909 442 3960 accident.
1455 3919 1654 3974 request
1674 3909 1733 3959 of
1751 3925 1848 3959 one
1874 3911 2035 3970 Peter,
2064 3909 2171 3958 that
2195 3922 2262 3957 on
2285 3908 2429 3956 Titus
2453 3928 2473 3954 ‚1
2489 3922 2497 3952 ιγ
2529 3914 2609 3954 Ην.-

285 4007 327 4054 5·
385 4009 441 4042 ex
462 3993 736 4059 presbyteri
768 3991 1093 4055 ordinatam]
1160 3992 1242 4043 Cf.
1288 4005 1352 4042 11.
1455 3998 1653 4055 request
1676 3989 1733 4039 of
1750 3990 2002 4053 Cyrinus;
2035 3988 2135 4037 and
2158 4003 2297 4036 some
2318 3990 2521 4035 inti-mil
2565 3990 2621 4034 ni*

229 4084 275 4132 p.
300 4070 379 4118 118
399 4087 487 4136 sq„
514 4073 614 4120 and
638 4071 799 4135 infra,
824 4087 875 4136 p.
898 4085 1010 4136 239,
1033 4072 1067 4120 1.
1091 4089 1124 4134 4
1145 4088 1219 4138 sq.
1455 4072 1580 4124 time
1622 4072 1869 4137 probably
1901 4071 2079 4136 passed
2112 4071 2341 4119 between
2381 4071 2465 4118 tin:
2517 4086 2609 4118 tw..

292 4163 355 4201 ιο.
419 4159 466 4202 et
492 4152 708 4217 quidem]
744 4154 915 4215 καίπερ
938 4154 998 4212 (1.
1025 4168 1076 4219 p.
1108 4155 1213 4217 184,
1240 4153 1273 4203 l.
1304 4167 1351 4219 9,
1460 4156 1625 4204 works
1645 4152 1703 4220 (1.
1726 4170 1775 4219 p.
1801 4155 1887 4204 lxii
1911 4152 2031 4218 sq.).
2105 4153 2209 4202 For
2225 4152 2312 4203 the
2334 4158 2609 4218 espa-{niun

231 4234 367 4294 note).
432 4235 747 4299 ‘Presbyters
780 4235 924 4285 alone
945 4252 1029 4301 are
1052 4235 1353 4295 mentioned,
1460 4244 1514 4288 to
1535 4236 1701 4286 which
1725 4236 1824 4285 Th.
1848 4235 2000 4285 refers
2021 4250 2105 4284 see
2131 4245 2188 4283 11.
2215 4249 2266 4298 p.
2291 4247 2353 4297 99
2373 4250 2445 4298 sq,

234 4328 281 4362 as
302 4314 496 4383 holding
526 4335 592 4368 an
613 4319 756 4369 office
785 4320 843 4368 os
870 4320 954 4370 the
988 4327 1118 4369 most
1153 4319 1355 4384 general
1522 4332 1607 4381 23.
1671 4317 1730 4366 de
1747 4316 1849 4365 illis
1868 4332 1995 4380 quae
2014 4313 2346 4379 haesitamur]
2385 4318 2493 4374 *sq-i·
2521 4314 2613 4362 τῶν

233 4396 395 4448 service
415 4407 465 4449 to
487 4400 572 4450 the
594 4401 819 4460 Church;
843 4401 1085 4467 although
1107 4402 1193 4452 the
1214 4401 1358 4451 other
1454 4395 1935 4461 ἀμφισβητουμένων.
1973 4395 2086 4445 The
2101 4398 2433 4445 construction
2466 4398 2613 4446 siff-m.

236 4479 383 4530 orders
401 4498 481 4533 are
501 4483 744 4548 certainly
756 4492 844 4536 not
865 4485 1077 4536 without
1093 4485 1221 4535 their
1242 4499 1357 4534 own
1458 4487 1565 4530 tare
1581 4480 1809 4544 aliquam
1827 4493 1928 4527 rem
1942 4492 2101 4527 seems
2114 4482 2169 4526 to
2184 4476 2249 4526 be
2266 4491 2473 4526 uncinum
2485 4478 2613 4538 picti.
