3142 5100
311 364 372 429 262
644 372 873 427 rnnononus
897 368 1190 422 nonsunsnsuus

310 546 453 609 multum
478 555 591 609 autem
617 544 753 609 interest
774 553 812 607 ut
835 541 1009 606 consilium
1026 543 1101 624 quis
1119 541 1205 604 dans
1225 550 1260 604 et
1281 540 1324 604 de
1344 539 1408 603 illis
1433 556 1508 620 quae

310 654 343 715 in
365 653 479 715 diuina
500 657 655 714 tenentur
678 648 841 730 scriptura
868 647 1009 710 instruat
1028 666 1086 708 eos
1109 665 1185 708 cum
1210 644 1376 707 modestia
1398 652 1431 704 et
1451 660 1508 703 non

311 776 355 818 ex
379 755 577 817 auctoritate
607 752 789 836 praecipiat
812 749 885 824 illis,
909 758 944 813 et
970 748 1034 812 hoc
1057 749 1099 811 de
1126 748 1189 811 illis
1216 749 1314 810 rebus
1335 747 1379 809 de
1401 746 1509 828 quibus

311 862 421 944 legem
438 857 564 922 nullam
586 857 714 938 accepit
737 864 775 919 ut
799 855 846 918 ita
862 852 969 916 saciat
1015 852 1130 915 audire
1151 873 1230 916 uero
1247 851 1389 914 Paulum
1405 849 1446 912 de
1458 848 1508 911 tali

281 982 296 1048 5
314 964 450 1045 negotio
465 982 531 1023 non
548 963 736 1044 patiuntur:
751 981 814 1022 non
829 959 908 1042 quia
923 958 1136 1021 dominamur
1153 958 1288 1039 linquit)
1296 955 1384 1039 fidn‘
1392 963 1508 1027 uestrae,

312 1069 371 1134 sed
392 1066 567 1151 cooperarii
593 1084 707 1127 sumus
730 1062 854 1145 gaudii
882 1062 1006 1133 πιθανὴ·
1037 1070 1070 1123 et
1095 1060 1158 1123 hoc
1190 1059 1372 1124 Corinthiis
1401 1057 1509 1127 dioens,

314 1172 435 1254 quibus
450 1171 616 1235 scribebat
640 1181 676 1233 ut
698 1169 900 1250 corrigerent
923 1188 959 1229 se
982 1187 1002 1229 a
1025 1176 1172 1249 peccat0,
1188 1166 1281 1228 cuius
1305 1164 1352 1227 rei
1376 1170 1509 1245 potestas

316 1294 527 1357 nequaquam
551 1271 641 1355 apud
663 1271 738 1335 illos
764 1291 837 1333 esse
857 1279 1000 1351 poterat,
1016 1290 1057 1332 eo
1079 1270 1170 1352 quod
1194 1269 1238 1332 ad
1261 1268 1509 1350 delinquendum

315 1398 415 1442 nemo
441 1377 613 1441 hominum
639 1375 795 1439 dominus
825 1385 887 1440 est.
933 1375 1033 1458 igitur
1062 1396 1139 1438 cum
1169 1384 1284 1458 posset
1315 1392 1392 1436 cum
1420 1369 1510 1434 multa

264 1483 513 1550 loauctoritate
535 1482 578 1545 de
601 1481 652 1544 his
675 1481 826 1555 scribere,
842 1481 885 1544 de
907 1481 1029 1563 quibus
1052 1489 1086 1544 et
1109 1480 1342 1543 uehementius
1365 1476 1449 1538 uisus
1468 1480 1510 1535 est

317 1585 504 1667 increpasse
515 1584 651 1666 quando
663 1594 776 1647 tamen
791 1583 853 1646 sibi
867 1583 960 1645 istius
969 1568 1021 1646 'rei
1037 1593 1171 1665 tempus
1180 1582 1299 1646 adesse
1316 1602 1377 1664 pro
1388 1580 1509 1643 aliorum

317 1688 533 1752 existimabat
558 1688 711 1759 utilitate,
739 1688 885 1771 ipsisque
914 1686 1096 1751 Corinthiis
1122 1709 1183 1771 pro
1209 1688 1335 1770 quibus
1359 1684 1510 1765 delinque·

317 1792 399 1855 bant
420 1792 506 1854 iusta
534 1791 660 1854 ratione
683 1790 896 1874 increpabat;
923 1800 1036 1853 tamen
1066 1801 1099 1856 et
1119 1791 1183 1854 hoc
1204 1793 1327 1873 posuit,
1351 1790 1511 1855 ostendens

317 1895 474 1977 quoniam
492 1915 558 1958 non
575 1904 705 1959 tumore
721 1896 824 1959 animi
840 1904 899 1959 aut
914 1896 1055 1959 audacia
1066 1897 1213 1978 quadam
1223 1897 1396 1979 praeditus
1410 1894 1510 1956 horum

266 2012 301 2078 15
318 1998 493 2061 uerborum
519 2001 665 2082 pondere
695 2000 854 2078 abutitur,
884 2002 943 2065 sed
974 2021 1035 2084 pro
1066 2010 1250 2065 ceterorum
1277 2001 1422 2064 utilitate
1443 1995 1511 2060 illud

318 2105 496 2185 exequitur
518 2104 654 2188 quando
678 2123 728 2167 res
751 2104 825 2184 ipsa
847 2105 880 2166 id
912 2104 981 2167 fieri
1003 2104 1120 2186 exigit.
1166 2104 1225 2166 sed
1248 2103 1375 2167 Paulus
1394 2103 1510 2187 quidem

318 2228 394 2270 cum
426 2206 532 2270 multa
561 2206 737 2288 disciplina
768 2207 922 2270 uniuersa
952 2208 1091 2290 peragit
1144 2206 1278 2288 plurimi
1304 2230 1385 2273 uero
1409 2209 1511 2272 nostris

318 2311 533 2392 temporibus,
561 2312 745 2373 nescientes
770 2330 857 2392 quae
886 2310 1029 2394 qualiter
1059 2321 1092 2376 et
1119 2312 1255 2396 quando
1280 2311 1353 2376 fieri
1378 2312 1511 2383 debeant

319 2414 515 2478 existimant
542 2414 826 2497 contemplatione
857 2416 990 2499 pietatis
1020 2428 1174 2500 oportere
1204 2417 1320 2480 omnia
1350 2415 1512 2500 praesentis

264 2532 307 2582 20
321 2519 409 2581 uitae
440 2517 597 2582 confundi
629 2528 663 2583 et
693 2521 826 2586 nullam
853 2543 926 2586 esse
956 2524 1190 2588 discretionem
1230 2524 1317 2586 inter
1348 2541 1454 2587 seruos
1484 2528 1511 2581 et

320 2625 484 2700 dominos,
499 2624 621 2686 diuites
645 2631 679 2685 et
698 2644 870 2705 pauperes,
893 2646 951 2689 eos
973 2626 1031 2709 qui
1051 2628 1113 2689 sub
1136 2626 1378 2709 principatibus
1400 2631 1511 2689 suntet

320 2730 376 2810 qui
408 2729 584 2811 principari
615 2728 688 2791 aliis
715 2728 891 2808 uidentur3
908 2733 985 2804 ‚sed
1013 2730 1096 2794 haec
1119 2730 1226 2794 solum
1251 2730 1317 2794 sibi
1344 2737 1513 2810 competere

321 2833 517 2896 existimant
544 2840 579 2894 ut
602 2851 678 2894 cum
702 2830 808 2895 multa
831 2836 1029 2900 auctoritate
1052 2836 1095 2898 de
1110 2835 1162 2899 his
1182 2856 1269 2918 quae
1292 2835 1355 2897 sibi
1380 2833 1513 2896 uidenttu

323 2939 486 3018 imperent
516 2934 589 3010 illis,
619 2936 732 2998 nescio
763 2937 852 2999 unde
882 2937 968 3000 hanc
995 2948 1197 3021 potestatem
1225 2939 1288 3001 sibi
1316 2937 1511 3002 uindicantes

266 3056 284 3102 2
290 3053 304 3119 5
323 3042 445 3106 Paulus
460 3059 540 3102 uero
556 3060 574 3101 e
589 3038 755 3101 contrario
771 3041 938 3120 optimum
960 3062 1032 3105 esse
1053 3041 1272 3105 existimabat
1294 3052 1331 3104 ut
1354 3034 1474 3119 singula
1487 3034 1512 3093 in

321 3166 382 3208 suo
413 3150 585 3205 manerent
615 3141 741 3217 ordine,
772 3141 867 3205 saluo
893 3143 1028 3225 pletatis
1058 3144 1252 3227 propositu;
1288 3144 1390 3207 ualde
1417 3147 1511 3204 autem

322 3258 392 3312 erat
408 3247 568 3329 placatus,
584 3247 741 3328 quoniam
766 3246 953 3314 differentia
974 3248 1055 3312 haec
1073 3251 1180 3312 inesse
1201 3247 1393 3311 hominibus
1408 3261 1513 3325 nequa·

374 3439 384 3471 r
404 3429 446 3470 aut
459 3422 507 3486 (ost
517 3425 555 3483 ut)
566 3422 619 3470 add
627 3422 660 3471 II
731 3445 747 3486 4
764 3423 857 3488 accipit
871 3424 893 3472 C
968 3440 982 3488 5
1000 3425 1126 3475 dicentem
1138 3425 1186 3489 (ost
1198 3426 1266 3490 neg.)
1277 3425 1331 3474 aad
1339 3425 1373 3474 H
1436 3423 1450 3471 8
1464 3417 1512 3466 deli·

322 3505 449 3569 quendum
464 3502 500 3553 C'
624 3519 653 3554 ιο
669 3503 831 3554 uehementer
843 3505 876 3553 H
995 3522 1023 3570 ¹³
1041 3506 1151 3556 increbat
1165 3504 1217 3570 (εῖτ)
1231 3505 1270 3555 C*
1398 3517 1426 3553 rr
1441 3501 1483 3551 boc
1492 3496 1516 3545 H

324 3585 355 3635 26
372 3586 461 3634 suaH
469 3583 473 3629 1
489 3585 618 3650 proposito
632 3586 654 3635 C
664 3583 696 3649 rl
711 3586 778 3635 unde
789 3585 939 3650 (sorualde)
951 3605 968 3636 r
1063 3602 1094 3652 27
1112 3598 1182 3638 erant
1195 3586 1235 3638 C'
1247 3589 1282 3637 H

322 3733 403 3782 arisen
425 3731 490 3782 from
513 3731 555 3781 the
579 3732 713 3795 repetition
739 3732 769 3781 os
788 3732 831 3782 the
855 3732 903 3783 last
955 3733 1156 3799 ct.1,pp.1xix,
1177 3735 1231 3800 189,
1247 3729 1510 3799 l.14sq·,306,l.21,

322 3819 429 3883 syllable
440 3817 469 3867 os
476 3818 567 3865 uolunt
576 3833 604 3866 or
616 3817 658 3866 the
672 3817 723 3884 first
737 3817 767 3866 of
774 3818 829 3866 etsi.
894 3825 898 3832 ’
954 3819 1028 3869 note;
1047 3824 1078 3860 11.
1090 3827 1114 3875 p.
1132 3825 1188 3872 ²51·
1539 3857 1540 3860 ,

357 3912 381 3961 5.
420 3913 470 3946 non
481 3899 542 3963 quio
553 3898 723 3954 dominamur,
735 3898 793 3960 bc]
816 3898 903 3948 2Cor.
987 3893 1026 3945 26,
1052 3894 1125 3943 ualde
1134 3910 1159 3943 a.
1168 3910 1187 3943 ι.
1199 3894 1321 3956 proram,
1332 3892 1391 3954 dic]
1408 3887 1513 3949 ‘Thellp
1539 3905 1540 3960 l

325 3982 342 4030 i.
356 3996 395 4043 23.
424 3981 476 4030 For
493 3981 627 4044 cooperarii
649 3981 735 4044 (Aug,
760 3981 903 4044 “coopera-
955 3995 1006 4028 was
1033 3977 1144 4027 satisted
1169 3986 1196 4028 to
1218 3977 1293 4027 ablde
1313 3978 1347 4040 by
1366 3976 1408 4026 the
1424 3971 1512 4031 existing
1539 3963 1540 3998 t

324 4060 427 4123 tores”;
455 4063 588 4123 Ambrstr,
611 4061 697 4126 Vulg,
724 4061 902 4123 “adiutores'’)
954 4060 1028 4109 order
1039 4059 1068 4108 ol
1082 4060 1172 4123 things,
1186 4060 1235 4108 and
1249 4059 1512 4108 tharfortworeasons

325 4144 356 4193 cs.
371 4155 389 4191 1.
402 4158 427 4206 p.
442 4145 496 4203 ²28,
509 4142 525 4190 l.
541 4156 577 4202 14,
592 4150 659 4190 notc
956 4140 1066 4197 ltrsthe
1076 4141 1119 4190 lelt
1130 4142 1184 4191 that
1193 4142 1235 4190 the
1243 4141 1400 4205 inequalities
1407 4137 1436 4186 ot'
1437 4137 1512 4185 human

357 4229 382 4274 8.
421 4224 457 4272 ad
489 4223 832 4287 delinquendum...dominus
859 4224 904 4285 est]
954 4224 1049 4287 society
1060 4240 1101 4273 are
1113 4223 1247 4288 permitted
1258 4225 1292 4286 by
1303 4223 1346 4272 the
1357 4220 1407 4270 will
1417 4219 1444 4268 ol
1455 4213 1512 4266 Godt

326 4307 400 4357 οὐδεὶς
416 4306 513 4368 κύριός
529 4306 672 4368 dompno]
682 4304 830 4369 ἁμαρτάνειν.
861 4310 901 4360 Cs.
955 4305 1082 4368 sccondly,
1097 4304 1128 4354 he
1140 4304 1213 4353 knew
1224 4304 1279 4353 that
1294 4303 1356 4353 such
1371 4301 1513 4351 accidensn

326 4401 343 4437 1.
359 4404 384 4451 p.
398 4385 437 4445 46,
451 4386 467 4432 l.
483 4403 520 4449 19.
533 4396 600 4435 note.
956 4395 1059 4450 poverty
1078 4387 1129 4435 ond
1151 4386 1276 4436 servitude
1295 4401 1338 4434 are
1360 4400 1393 4434 no
1414 4380 1460 4432 real
1478 4376 1512 4423 ob

360 4483 397 4516 το.
429 4467 904 4529 unllamc.d1'srr·.irrlarscruos,&c.]
955 4467 1045 4516 stacles
1065 4477 1090 4515 to
1108 4483 1124 4515 a
1139 4467 1257 4530 religious
1276 4466 1336 4517 lise?
1371 4464 1409 4514 Cf.
1426 4462 1511 4522 chrys:

1504 4677 1539 5041 l
