3142 5100
122 436 354 487 FRAGMENTS
377 436 424 487 OF
447 437 524 485 THE
548 435 742 487 DOGMATIC
766 434 899 487 WORKS
923 436 970 485 OF
993 435 1205 487 THEODORE.
1242 437 1299 500 311

92 644 119 701 3.
164 624 284 706 [Leont.
308 628 325 685 l.
349 647 369 686 c.
391 629 434 705 (ἐκ
448 631 498 686 τοῦ
512 624 599 685 οότοῦ
613 624 720 707 λόγου).
765 628 831 684 Act.
850 627 943 686 Cone.
960 625 1020 685 (ΣΡ.
1037 623 1065 684 ii.
1083 624 1304 703 1v.27(“eius-

174 728 245 786 dem
266 726 419 787 Theodori
440 747 476 788 ex
496 725 578 786 libris
598 726 637 784 de
659 722 919 802 iucarnatione”).
963 723 1028 801 Vig.
1043 727 1104 785 28.
1148 724 1246 801 Pelag.
1273 722 1301 783 ii.

173 825 224 883 l.c.
269 825 314 885 ct
333 825 476 902 Lagarde,
492 844 520 903 p.
540 821 619 905 101].

135 961 234 1022 Πλέον
253 961 309 1044 γὰρ
330 962 450 1041 όχλεῖτο
470 961 487 1024 ό
511 960 604 1041 κόριος
628 962 675 1021 καὶ
766 964 838 1021 Plus
867 960 1089 1039 inquietabatur
1113 961 1252 1022 dominus
1274 975 1304 1024 et

90 1053 245 1135 ἠγωνίζετο
262 1056 335 1133 πρός
347 1059 382 1117 τό
396 1057 502 1138 ψυχικὰ
514 1057 592 1135 τάθη
606 1056 675 1134 ότὲρ
725 1072 876 1120 certamen
895 1060 1026 1120 habebat
1045 1060 1084 1119 ad
1103 1058 1219 1120 animae
1238 1079 1304 1137 pas·

92 1153 131 1217 τό
152 1160 205 1216 τοῦ
227 1154 368 1231 σιόμοτος,
399 1157 445 1216 xci
471 1160 511 1234 τῷ
539 1158 675 1231 κρείττονι
725 1157 825 1219 siones
846 1178 936 1234 quam
959 1157 1099 1234 corporis
1123 1168 1153 1217 et
1181 1157 1304 1218 meliore

93 1241 227 1335 λογισμῷ
250 1253 301 1317 τὰς
323 1253 428 1330 ἡδονὰς
450 1258 601 1334 ε’χειροότο,
623 1261 675 1330 τῆς
723 1255 826 1315 animo
839 1253 978 1315 libidines
992 1253 1141 1328 uincebat,
1153 1254 1303 1316 mediante

93 1349 227 1425 θεότητος
254 1352 364 1429 δηλαδὴ
390 1351 596 1430 ρεσιτιυοόσης
628 1354 675 1414 καὶ
725 1352 752 1414 ei
767 1354 879 1414 deitate
893 1353 933 1414 ad
946 1352 1169 1430 perfectionem.
1338 1370 1353 1428 5

94 1446 263 1525 βσηθοόσης
272 1448 345 1530 αὐτῷ
353 1447 671 1528 πρὸςτὴνκατόρθωσιν.

94 1593 222 1653 undeet
237 1593 377 1654 dominus
390 1594 428 1654 ad
442 1595 518 1655 haec
532 1593 661 1656 maxime
679 1594 836 1656 instituens
855 1594 974 1654 uidetur
989 1604 1149 1654 certamen.
1191 1591 1305 1671 cupidi·

18 1706 45 1758 ;·
94 1700 155 1750 tate
183 1690 265 1752 enim
287 1690 480 1768 pecuniarum
504 1712 566 1753 uon
591 1694 736 1768 deceptus
758 1702 788 1753 et
811 1690 922 1768 gloriae
945 1690 1095 1752 desiderio
1118 1711 1180 1751 uon
1205 1682 1304 1752 tentus

95 1786 177 1847 cami
195 1788 320 1865 quidem
334 1786 471 1866 praebuit
489 1789 573 1862 nihil,
587 1810 645 1850 uec
659 1789 740 1851 enim
754 1788 833 1850 illius
847 1802 909 1850 erat
923 1789 1032 1850 talibus
1045 1788 1133 1849 uinci.
1172 1788 1304 1850 animam

94 1893 196 1944 autem
217 1884 242 1943 si
261 1903 323 1944 non
337 1885 506 1963 recepisset,
521 1887 575 1946 sed
589 1887 684 1947 deitas
703 1897 749 1947 est
762 1904 842 1963 quae
860 1885 997 1957 euicerat,
1012 1886 1182 1946 nullatenus
1200 1905 1303 1946 eorum
1321 1911 1356 1949 10

18 2055 20 2060 y
95 1999 173 2058 quae
193 1983 273 2042 facta
293 1993 363 2042 sunt
383 1983 422 2043 ad
443 2003 499 2044 nos
518 1982 638 2061 respicit
656 1987 891 2060 lucrum—quae
910 1983 991 2043 enim
1009 1985 1049 2044 ad
1067 1983 1304 2044 conuersationis

18 2093 20 2146 ξ
95 2077 310 2155 perfectionem
338 2079 502 2141 similitudo
530 2080 648 2141 deitatis
670 2093 700 2141 et
724 2082 842 2141 animae
870 2081 1112 2141 humanaei-et
1132 2080 1305 2141 uiderentur

96 2175 221 2235 Domini
233 2176 394 2237 certamina
408 2197 470 2238 non
484 2179 524 2238 ad
537 2197 593 2238 nos
603 2177 764 2256 respiciens
774 2180 884 2240 habere
894 2178 1020 2251 lucnrm,
1031 2179 1084 2239 sed
1096 2177 1304 2240 ostentationis

17 2311 20 2328 2
96 2269 252 2331 cuiusdam
273 2272 366 2349 gratia
386 2272 484 2333 fuisse·
527 2276 610 2351 quod
631 2274 655 2334 si
676 2276 736 2334 hoc
753 2273 854 2335 dicere
874 2293 936 2335 non
956 2286 1001 2335 est
1018 2273 1168 2351 possibile,
1190 2284 1304 2333 certum

18 2391 20 2454 ᾗ
96 2366 208 2427 etenim
228 2380 273 2428 est
291 2370 374 2444 quod
392 2369 443 2428 illa
456 2382 578 2448 propter
595 2390 651 2430 nos
668 2371 746 2430 sacta
763 2382 842 2443 sunt,
859 2381 888 2430 et
902 2369 998 2430 maius
1013 2381 1164 2431 certamen
1178 2368 1306 2430 instituit
1322 2393 1356 2451 15

18 2461 20 2559 L
95 2465 133 2523 ad
143 2464 263 2526 animae
277 2467 439 2544 passiones,
451 2468 550 2529 minus
564 2481 665 2528 autem
679 2471 718 2529 ad
727 2470 824 2529 carnis
831 2491 840 2544 ;
859 2480 973 2547 quanto
987 2480 1017 2530 et
1031 2469 1158 2546 amplius
1167 2482 1197 2530 et
1211 2470 1305 2550 magis

95 2559 259 2639 inquietare
272 2563 337 2624 illas
350 2565 543 2643 contingebat
556 2577 587 2627 et
601 2567 695 2644 magis
709 2567 760 2627 illa
774 2579 835 2628 erat
851 2587 929 2644 quae
943 2578 973 2627 et
987 2567 1138 2645 amplioris
1152 2567 1306 2645 indigebat

18 2674 20 2719 ὲ
96 2656 272 2732 medicinae,
295 2657 436 2719 uidelicet
457 2660 540 2735 quod
557 2671 587 2720 et
606 2680 727 2720 caruem
745 2672 774 2721 et
789 2660 921 2720 animam
936 2661 1097 2721 adsumens
1112 2680 1167 2737 per
1179 2672 1305 2738 utraque

18 2790 20 2821 ;
95 2770 148 2829 pro
161 2753 296 2832 utrisque
313 2758 445 2817 certabat
454 2778 463 2832 ;
485 2757 669 2818 mortificans
690 2757 813 2834 quidem
833 2756 865 2817 in
884 2777 973 2817 carne
992 2768 1159 2834 peccatum,
1176 2768 1207 2818 et
1223 2777 1306 2818 man-

18 2836 20 2921 {
95 2865 215 2914 suetans
229 2852 293 2914 eius
307 2854 447 2915 libidines
462 2866 491 2916 et
505 2855 592 2917 facile
606 2856 768 2933 capiendas
778 2855 901 2916 meliore
915 2855 1031 2916 ratione
1045 2855 1163 2915 animae
1174 2854 1305 2931 faciens3
1320 2881 1358 2918 το

17 2960 20 3019 ξ
96 2951 234 3011 erudiens
260 2962 361 3012 autern
389 2952 530 3026 animam,
555 2964 586 3014 et
614 2953 779 3014 exercitans
804 2965 834 3014 et
858 2972 926 3013 suas
950 2953 1104 3030 passiones
1126 2952 1247 3014 uincere
1275 2965 1304 3015 et

18 3026 20 3121 ξ
96 3047 189 3108 camis
220 3049 367 3110 refrenare
397 3049 543 3111 libidines.
592 3052 667 3111 haec
691 3050 772 3111 euim
801 3047 897 3111 deitas
924 3049 1094 3110 inhabitans
1116 3049 1304 3128 operabatur,

18 3136 20 3173 ³
96 3145 168 3204 haec
181 3144 352 3207 inhabitans
366 3148 543 3208 medebatur
556 3147 672 3226 utrique
686 3168 798 3210 eorum.

546 3329 869 3337 ———n-—-———

138 3440 220 3524 [Act
238 3447 332 3507 Cone
350 3449 445 3508 Later.
461 3468 488 3506 a
506 3450 565 3526 649
578 3469 645 3508 secr.
660 3470 686 3508 v.
703 3448 734 3524 (“
743 3449 879 3511 eiusdem
902 3451 940 3510 de
963 3468 1101 3510 sermone
1125 3450 1264 3509 lucarna-

379 3543 491 3605 tionis”
512 3541 557 3626 [ἐκ
576 3549 627 3605 τοῦ
646 3548 711 3624 περὶ
731 3543 1014 3628 ἐνανθρωτηὶσεως])]

135 3692 218 3753 Κατὰ
243 3692 296 3770 τὴν
322 3694 483 3778 πρόγνωσιν
508 3701 559 3757 τοῦ
585 3696 674 3779 λόγου
765 3701 938 3762 Secundum
959 3701 1186 3779 praescientiam
1211 3704 1303 3764 Verbi
1409 3687 1413 3696 ’

18 3808 20 3887 ᾗ
97 3788 351 3871 διιχθιὶεότεχθεὶς
361 3797 391 3853 ἐκ
401 3797 452 3870 τῆς
461 3795 599 3869 τορθίνου
609 3794 674 3875 δίχα
725 3809 863 3859 ostensus
884 3798 937 3876 qui
957 3811 1045 3860 natus
1065 3812 1111 3860 est
1132 3819 1169 3859 ex
1189 3799 1303 3877 uirgine
1319 3824 1334 3862 2
1339 3823 1353 3881 5

96 3891 203 3964 σπορᾶς
229 3887 382 3966 ἅνθρωπος,
411 3890 444 3951 οὐ
476 3892 598 3968 διεκρίθη
623 3897 674 3952 τοῦ
724 3893 789 3956 sine
808 3895 922 3956 semine
939 3897 1041 3970 homo,
1061 3915 1123 3956 non
1141 3897 1304 3957 secernitur

96 3986 191 4068 λόγον,
200 3989 349 4065 ταυτότητι
359 3990 470 4072 γνώμης
483 3989 556 4071 αὐτῷ
568 4015 673 4066 συνημ-
723 3994 866 4067 aVerbo,
881 4012 935 4070 per
951 3992 1174 4053 similitudinem
1195 3992 1304 4055 mentis

94 4087 183 4160 μίσος,-
217 4086 280 4149 κοό
311 4084 349 4164 ἣν
382 4088 536 4164 εὐδοκήσας
566 4089 675 4166 ἥνωσεν
723 4091 824 4153 eidem
845 4093 1009 4168 copulatus,
1030 4110 1184 4167 perquam
1200 4090 1302 4169 digna-

95 4180 177 4244 οότόν
197 4187 293 4265 ἑαυτῷ,
315 4185 362 4246 καὶ
382 4187 512 4258 διέδειξεν
528 4186 614 4249 αὐτόν
627 4189 674 4250 καὶ
723 4190 806 4250 tione
820 4187 917 4249 uniuit
930 4207 999 4250 eum
1011 4187 1077 4262 sibi,
1086 4199 1116 4249 et
1126 4191 1304 4252 monstrauit

143 4372 197 4435 5ei
213 4388 252 4423 om
267 4374 327 4424 CP
399 4375 596 4438 pinstituereP
677 4392 707 4427 to
722 4393 752 4428 ea
769 4376 899 4427 uiceratC
936 4393 966 4427 ea
983 4377 1093 4427 uinceret
1112 4378 1137 4426 V
1231 4387 1302 4429 raet

96 4454 257 4505 uidereturC
288 4456 492 4507 etiamuiden'tur
506 4460 532 4509 V
626 4473 654 4523 17
672 4460 729 4510 illos
747 4460 772 4508 V
780 4458 784 4523 Ι
800 4459 1073 4524 ampliori...medicina
1091 4459 1116 4508 V
1212 4462 1240 4510 18
1258 4477 1303 4526 pro

97 4543 198 4600 utraque
209 4538 217 4595 (
220 4536 269 4599 sor
279 4551 324 4600 per
335 4552 359 4587 u.
374 4554 419 4602 pro
431 4540 507 4600 u.)V
587 4537 617 4590 τό
634 4550 671 4592 est
683 4542 818 4592 recemitus
829 4542 895 4593 codd.
