3142 5100
90 395 297 481 lV.9—12.]
392 408 433 460 ru
457 409 511 460 aa
535 410 587 459 un
609 407 987 462 anassutomcuusas
1010 411 1033 461 1.
1260 403 1298 473 25

152 583 291 668 ‘itaque
312 583 370 667 qui
393 583 475 648 haec
497 582 576 667 agit,
599 580 709 667 ipsum
733 583 860 666 spernit
885 583 1006 659 Deum,
1027 583 1108 647 dum
1128 582 1170 646 ad
1197 581 1301 645 altera

89 694 230 748 uocatus
247 685 354 748 altera
374 686 461 767 agit?
503 685 688 749 necessaria
709 694 761 749 est
782 695 896 748 autem
918 684 982 747 hoc
1005 684 1038 748 in
1060 685 1134 747 loco
1157 682 1301 747 adiectio

88 806 190 870 quam
219 788 345 852 adiecit
368 790 412 852 de
436 789 561 872 Spiritu
591 790 680 866 dat0,
712 808 752 852 eo
782 790 873 871 quod
904 788 947 852 ab
977 788 1035 851 illo
1065 788 1161 851 nobis
1191 786 1302 849 futura

87 890 281 955 tribuentur
294 892 383 955 bona
395 908 403 969 ;
425 893 608 956 seminatur
625 892 760 975 (inquit)
776 905 888 975 corpus
902 893 1053 968 animale,
1069 891 1181 974 surgit
1193 901 1303 972 corpus

87 991 246 1074 spiritale.
281 994 481 1077 accipientes
497 1016 575 1078 ergo
591 994 680 1058 hanc
693 1016 801 1059 arram
818 994 1011 1071 futurorum,
1023 995 1057 1058 id
1074 1005 1124 1059 est
1139 994 1302 1076 primitias
1339 997 1355 1065 5

89 1092 246 1176 Spiritus,
273 1098 303 1159 si
329 1097 502 1161 fecerimus
529 1097 595 1161 alia
625 1108 756 1180 praeter
782 1098 839 1161 illa
866 1100 899 1161 in
927 1119 1068 1181 quorum
1098 1119 1159 1181 spe
1189 1118 1304 1160 sumus

89 1201 211 1276 uocati,
227 1203 355 1284 spretio
370 1213 421 1266 est
435 1204 572 1267 euidens
594 1203 667 1278 Dei,
683 1204 739 1287 qui
762 1204 858 1267 nobis
879 1224 987 1266 arram
1008 1204 1140 1266 dedisse
1163 1203 1303 1265 uidetur.

90 1300 172 1365 haec
187 1304 234 1367 de
251 1305 464 1368 naturalibus
473 1306 752 1388 permixtionibus
767 1307 942 1390 disputans
958 1307 1075 1370 transit
1091 1307 1134 1369 ad
1150 1307 1261 1370 aliud:

157 1481 199 1544 de
221 1483 362 1547 caritate
383 1493 492 1547 autem
509 1482 743 1564 fraternitatis
767 1504 831 1546 nun
851 1503 969 1546 necesse
993 1481 1146 1546 habemus
1169 1481 1305 1546 scribere

92 1581 189 1659 uobis,
214 1584 283 1666 ipsi
304 1584 390 1648 enirn
415 1606 438 1647 a
462 1583 531 1648 Dru
556 1583 641 1648 docti
665 1584 748 1661 estis,
773 1595 810 1648 ut
829 1585 980 1668 diligatis
999 1585 1135 1649 inuicem
1147 1608 1163 1660 ,⁰
1189 1586 1304 1650 etenim
1321 1605 1361 1653 10

83 1684 206 1764 facitis
228 1686 319 1749 illud
335 1687 371 1749 in
390 1708 496 1750 ornnes
508 1686 642 1768 fratres
659 1687 718 1769 qui
739 1687 775 1750 in
795 1696 862 1751 tota
879 1698 958 1751 sunt
975 1687 1178 1752 Macedonia.
1221 1687 1304 1752 ubsr-

90 1806 221 1851 cramus
244 1799 354 1852 autern
379 1810 441 1865 uos,
457 1789 597 1871 fratres,
624 1786 791 1853 abundare
815 1789 929 1871 magis,
960 1799 993 1852 et
1018 1788 1167 1852 studium
1191 1789 1306 1854 itabere

93 1887 215 1968 quietus
238 1911 312 1967 essa,
334 1901 366 1954 et
385 1912 480 1974 agere
495 1888 685 1974 propriori
706 1892 835 1975 operari
854 1890 1005 1955 manibus
1022 1891 1147 1969 usstrrh,
1169 1892 1255 1956 sicut
1274 1903 1307 1957 et

88 1993 312 2074 praecepimus
337 1994 432 2070 uobis,
460 2006 498 2058 ut
521 1994 693 2059 ambuletis
717 1995 843 2059 honeste
866 1995 916 2058 ad
931 2015 982 2059 ros
1000 1995 1060 2078 qui
1067 1995 1161 2078 soris
1174 2007 1259 2075 sunt,
1274 2007 1307 2062 et

96 2097 221 2161 nullius
236 2118 355 2162 necesse
367 2098 520 2162 habeatis
1322 2105 1357 2173 15

158 2260 322 2340 cognouit
346 2260 510 2341 quosdam
537 2280 610 2323 esse
635 2269 670 2324 et
692 2260 782 2342 apud
803 2259 885 2335 illos,
906 2260 964 2341 qui
989 2259 1088 2323 ualde
1107 2260 1306 2325 uidebantur

97 2380 166 2423 esse
189 2361 438 2443 indisciplinati,
453 2362 510 2445 qui
534 2361 615 2425 nihil
639 2372 816 2444 operantes
839 2383 883 2426 ex
906 2363 971 2425 illis
993 2384 1079 2446 quae
1100 2364 1142 2427 ad
1164 2364 1304 2427 aliorum

96 2465 311 2545 pertinebant
330 2463 517 2540 utilitatem,
534 2466 668 2546 insuper
684 2465 791 2528 otiose
813 2465 966 2527 uiuentes
988 2465 1128 2529 aliorum
1150 2466 1306 2530 discutie-

97 2566 178 2631 bant
197 2569 306 2633 uitam
326 2579 359 2632 et
380 2569 531 2638 turbelas
552 2569 715 2651 quasdam
734 2589 778 2631 ex
804 2568 862 2631 tali
886 2569 1145 2633 commonebant
1168 2571 1304 2635 ratione.

97 2667 139 2730 de
157 2670 281 2752 quibus
300 2680 334 2734 et
353 2671 501 2753 apertius
522 2671 555 2733 in
576 2669 725 2734 secunda
744 2670 930 2751 disputauit
949 2672 1110 2753 epistola3
1135 2681 1169 2735 et
1189 2671 1252 2736 hoc
1271 2673 1303 2735 in
1318 2686 1361 2735 20

146 2909 156 2942 1
175 2894 209 2944 ad
223 2911 264 2945 om
280 2895 314 2944 H
424 2909 437 2942 ι
457 2901 495 2944 est
511 2894 562 2958 (ast
574 2893 679 2958 necess.)
694 2909 733 2943 om
748 2911 766 2944 r
779 2894 842 2957 (add
852 2894 892 2958 ast
907 2894 1023 2956 adiectio)
1134 2914 1150 2957 4
1167 2894 1306 2944 tribuantur

101 2973 202 3040 Clcorr)
238 2977 379 3026 tribuuntur
389 2974 422 3040 rl
436 2984 520 3040 surget
534 2975 638 3040 Clcorr)
940 2988 953 3038 7
971 2975 1098 3041 despectio
1111 2976 1167 3041 [sor
1176 2977 1279 3041 spretio)
1290 2992 1307 3025 r

101 3071 128 3118 13
143 3066 256 3107 uestrum
266 3057 394 3122 negotium
407 3057 464 3121 (sor
473 3055 583 3122 propria)
596 3073 612 3104 r
710 3071 740 3120 19
757 3058 842 3107 turbas
853 3074 869 3107 r

100 3266 158 3327 (“in
174 3267 263 3332 uos'l.
300 3268 355 3319 Tbe
371 3268 448 3320 MSS.
469 3269 499 3319 of
513 3269 601 3333 Chrys.
622 3269 674 3318 and
725 3269 859 3335 rendering
888 3272 1036 3320 θεοδίδακτοι
1057 3285 1074 3319 a
1095 3271 1136 3319 deo
1160 3271 1231 3327 docti,
1259 3286 1305 3321 our

99 3348 173 3400 det.
184 3366 270 3400 naver
285 3352 398 3401 between
410 3351 482 3399 δόντα
496 3351 547 3400 and
568 3351 673 3408 διδόντα,
725 3352 858 3400 translator
865 3367 951 3416 agrees
958 3352 1019 3401 with
1027 3352 1070 3401 the
1077 3352 1111 3401 0.
1118 3351 1148 3401 L.
1153 3370 1161 3413 ;
1172 3369 1200 3402 so
1210 3363 1253 3402 too
1262 3354 1305 3403 the

99 3431 156 3488 ἡμᾶς
166 3434 218 3483 eud
231 3434 362 3494 ripis5and
374 3433 437 3483 their
448 3441 586 3483 comments
594 3433 676 3482 throw
725 3439 774 3482 uct-
798 3433 902 3497 interpr.
926 3435 956 3483 of
969 3435 1105 3490 Barnabas,
1128 3437 1142 3495 5
1164 3436 1215 3484 xxi.
1249 3437 1305 3486 The

99 3528 130 3562 ιο
140 3514 202 3580 light
215 3531 284 3580 upon
295 3515 359 3565 their
369 3516 473 3579 reading
483 3514 511 3564 of
520 3515 562 3563 the
573 3521 635 3563 text.
727 3513 802 3578 Vulg.
811 3515 857 3564 has
869 3520 884 3542 ‘⁴
894 3532 918 3564 a.
926 3516 952 3565 d.
961 3515 1110 3565 didicistis.’¹
1130 3519 1182 3578 Qui
1189 3525 1306 3566 ...sunt=

129 3615 153 3658 4.
184 3598 335 3655 minatur,
343 3597 496 3659 &c.]1Cor.
508 3613 547 3647 xv.
558 3615 598 3658 44,
608 3595 675 3646 cited
726 3597 780 3646 rous
793 3595 885 3657 ἐνὸλῃ,
898 3599 972 3645 κ.τ.λ.
1009 3598 1306 3648 obsecramus...habeatis

100 3677 196 3744 already
206 3680 241 3744 by
252 3679 303 3728 Th.
319 3695 353 3728 on
369 3679 435 3744 Eph.
453 3678 468 3728 i.
489 3700 505 3742 4
523 3677 551 3742 (1.
567 3694 591 3743 p.
610 3675 674 3740 m),
725 3676 823 3726 follows
835 3677 877 3726 the
889 3678 920 3727 Ο.
937 3678 967 3727 L.
978 3679 1004 3727 in
1017 3678 1060 3727 the
1071 3679 1154 3740 main3
1170 3687 1304 3743 agereprn

101 3758 176 3811 where
193 3761 312 3811 however
329 3776 374 3809 our
394 3760 472 3810 MSS.
495 3760 552 3825 give
573 3761 657 3824 surgit
664 3777 675 3816 ;
720 3758 784 3822 prro
796 3757 817 3806 is
832 3757 910 3807 found
925 3759 951 3807 in
970 3760 1035 3809 Cod.
1052 3760 1176 3816 Clarumt
1192 3761 1305 3808 studium

100 3840 130 3888 cf.
146 3858 184 3892 vv.
207 3842 234 3892 ll.
252 3843 342 3892 above.
380 3841 422 3893 On
442 3841 485 3891 the
506 3842 577 3905 Holy
597 3841 675 3906 Spirit
724 3838 812 3886 habere
828 3837 1037 3902 (φιλοτιμεῖσθαι),
1055 3846 1085 3887 ut
1100 3839 1196 3887 nullius
1217 3855 1306 3890 necesse

101 3923 176 3974 nithe
187 3924 310 3986 ἀρραβών,
324 3938 365 3972 see
377 3935 395 3972 1.
407 3938 433 3987 p.
443 3938 482 3987 43,
495 3922 512 3971 l.
528 3938 565 3982 ιι,
579 3930 647 3972 note.
726 3919 834 3967 habeatis
852 3917 1031 3983 (ἶνα...μηδένος
1051 3923 1137 3984 χρείαν
1153 3921 1239 3982 ἔχητε)
1262 3937 1304 3970 are

133 4014 153 4064 7.
184 4003 284 4069 spretio]
317 4004 428 4062 Rdnsch,
458 4003 535 4062 Itala,
571 4018 597 4066 p.
633 4014 674 4065 77.
725 4000 871 4064 renderings
880 4002 989 4065 peculiar
999 4011 1025 4052 to
1037 4018 1083 4051 our
1091 4003 1231 4052 translator.
1248 4002 1304 4051 The

103 4083 170 4142 Rau..
180 4087 352 4151 accordingto
361 4086 460 4146 hisuse,
471 4087 516 4137 has
524 4086 675 4136 substituted
726 4087 897 4138 construction
925 4092 1051 4135 “necesse
1078 4085 1172 4133 habere
1198 4084 1304 4134 alicuius

104 4181 132 4216 ιιι
139 4173 215 4220 αείει
225 4170 312 4226 word3
328 4184 370 4218 see
381 4185 421 4217 vv.
433 4170 460 4217 ll.
725 4168 761 4218 rei
771 4168 785 4190 ”
806 4184 886 4218 seems
905 4174 932 4217 to
953 4168 1018 4217 have
1039 4168 1103 4216 been
1123 4168 1257 4231 purposely
1279 4183 1303 4216 a·

131 4263 152 4314 p
186 4249 314 4310 habemus]
356 4249 391 4298 So
413 4249 446 4298 Ο.
470 4248 499 4298 L.
525 4248 575 4297 and
597 4247 673 4313 Vulg.
726 4250 818 4300 voided
829 4249 863 4313 by
871 4250 914 4299 the
925 4249 1000 4298 Latin
1012 4248 1131 4298 versions.

101 4323 199 4390 Ἐχιμεν
227 4331 250 4380 is
278 4331 355 4380 found
385 4329 411 4378 in
440 4330 546 4394 Chrys.;
573 4329 618 4390 but
647 4345 675 4379 as
762 4342 801 4393 17.
835 4329 1028 4392 indisciplinati]
1047 4329 1158 4388 Rdnsch,
1181 4330 1258 4386 Itala,
1277 4345 1303 4394 p.

105 4411 174 4464 Thdt.
191 4429 301 4480 appears
318 4421 346 4462 to
367 4413 431 4463 bave
453 4413 512 4463 read
529 4413 607 4473 ἔχετε,
630 4427 677 4462 our
730 4427 790 4477 ¹433
801 4413 916 4472 turbelas,
930 4411 963 4462 ib.
978 4428 1005 4476 p.
1018 4425 1064 4475 475
1080 4410 1188 4461 otiositas
1200 4413 1304 4474 (ἀργία),

105 4494 205 4546 ιιιΙιοιί
217 4503 271 4545 text
286 4503 352 4545 must
364 4495 460 4545 remain
471 4494 609 4545 uncertain.
644 4494 676 4543 lu
726 4493 762 4546 ib.
774 4509 800 4558 p.
815 4506 854 4555 5²·
