3142 5100
134 412 360 464 FRAGMENTS
383 411 430 464 OF
453 410 530 460 THE
554 410 750 462 DOGMATIC
773 410 907 461 WORKS
930 410 978 462 OF
1001 411 1214 463 THEODORE.
1249 414 1311 478 297

104 584 248 644 πολιτείαν
260 582 333 662 μετά
344 583 378 644 τό
391 582 557 660 βάπτισμα·
577 577 660 658 ήςδή
680 581 727 640 καὶ
743 577 812 656 ήμῖν
829 579 878 640 τόν
897 580 987 640 τόπον
1006 580 1165 660 παρείχετο,
1186 577 1250 643 όδός
1270 603 1313 642 τις

104 684 169 761 ἡμῖν
181 685 229 743 ἐπὶ
241 686 326 742 τοῦτο
340 677 553 756 καθιστάμενος.
597 677 684 742 οὕτως
698 677 728 737 δέ
741 676 845 737 λοιπόν
857 678 929 753 μετά
943 676 995 753 τήν
1012 675 1175 739 ἀνάστασιν
1195 677 1241 737 καὶ
1260 675 1314 752 τήν

105 785 142 843 εἷς
154 778 289 858 οῦρανοῦς
302 779 444 856 άνάλημιν
457 776 594 847 ἐπιδείξας
608 775 705 836 ἔαυτόν
719 776 766 834 καὶ
781 778 812 832 ἐκ
821 780 872 851 τῆς
885 774 990 837 οἰκείας
999 771 1112 855 γνιόμης
1125 780 1176 848 τῆς
1189 773 1314 837 ἐνάσεως

105 877 191 950 άξιον,
205 874 412 955 προσειληφαλς
426 875 456 935 δέ
469 871 574 950 ταότην
589 875 636 933 καὶ
649 871 704 951 πρό
719 870 821 932 τοῦτον
838 876 868 932 έν
885 869 959 950 arii-fi
978 874 1014 950 τῇ
1035 869 1189 932 διαπλάσει
1208 874 1244 950 τῇ
1264 873 1315 931 τοῦ

106 974 246 1036 δεσπότου
256 973 376 1051 εὐδοκία,
391 973 501 1050 ἀκριβῆ
514 971 618 1032 λοιπόν
632 972 678 1031 καὶ
695 974 747 1046 τῆς
765 970 890 1034 ἐνάσεως
910 970 1065 1050 παρέχεται
1085 969 1138 1046 τήν
1157 968 1313 1045 α’πόδειξιν,
1350 995 1366 1055 5

105 1071 235 1150 οῦδεμίαν
254 1073 326 1151 ἔχων
344 1071 558 1149 κεχωρισμένην
578 1069 624 1128 καὶ
644 1068 878 1147 α’ποτετμημένην
897 1069 1038 1149 ἐνέργειαν
1057 1070 1108 1127 τοῦ
1128 1067 1194 1128 θεοῦ
1214 1067 1313 1150 λόγου,

105 1170 173 1249 ἔχων
196 1169 228 1228 δὲ
256 1167 368 1228 ἅπαντα
395 1172 425 1227 ἐν
452 1170 538 1245 ἑαυτῷ
563 1166 803 1244 διαπραττόμενον
830 1165 880 1225 τόν
901 1164 966 1226 θεόν
989 1164 1079 1246 λόγον
1099 1163 1146 1225 διά
1168 1163 1222 1241 τήν
1243 1164 1316 1244 πρός

105 1264 200 1326 ἔαυτόν
214 1264 322 1324 ἕνωσιν.
488 1265 507 1301 ³*
670 1264 689 1301 *
853 1263 872 1300 *
1036 1262 1055 1298 ¹*
1218 1262 1238 1299 '⁵

162 1360 307 1439 cognosci
328 1372 429 1422 autem
449 1379 594 1438 personae
608 1359 752 1420 unitatem
767 1379 805 1421 eo
819 1361 903 1437 quod
917 1359 1019 1420 omnia
1032 1379 1084 1436 per
1099 1379 1168 1420 eum
1182 1359 1316 1437 perficit;

105 1477 179 1537 quae
198 1459 298 1519 unitas
317 1460 395 1519 sacta
413 1470 458 1519 est
477 1478 512 1519 ex
527 1457 741 1519 inhabitatione
756 1478 834 1535 quae
849 1469 893 1518 est
907 1459 1072 1519 secundum
1086 1459 1197 1519 bonam
1211 1460 1316 1518 uolun·
1333 1482 1368 1521 ro

105 1566 202 1617 tatem.
247 1558 330 1616 unde
354 1553 488 1617 dicentes
514 1554 622 1614 Filium
646 1553 703 1614 Dei
727 1553 858 1614 iudicem
880 1564 1040 1614 uenturum
1065 1574 1130 1616 esse
1155 1555 1194 1615 de
1214 1553 1313 1626 caelis,

105 1653 190 1713 simui
209 1652 343 1713 hominis
362 1664 392 1712 et
408 1651 465 1712 Dei
484 1650 577 1712 Verbi
590 1652 755 1711 aduentum
769 1650 988 1729 intellegimus5
1009 1672 1070 1712 non
1085 1654 1168 1729 quod
1182 1652 1317 1715 similiter
1349 1658 1354 1665 ‘

105 1750 131 1811 ei
145 1754 230 1812 Deus
244 1752 378 1811 Verbum
393 1749 555 1811 traducitur
567 1750 732 1810 secundum
747 1760 891 1823 naturam,
902 1750 956 1810 sed
970 1750 1052 1827 quod
1067 1750 1148 1810 bona
1161 1753 1316 1811 uoluntate

104 1847 200 1909 unitas
223 1847 403 1909 omnimodo
423 1867 494 1908 cum
518 1867 556 1909 eo
578 1848 633 1908 erit
654 1845 837 1924 ubicumque
863 1846 958 1921 fuerit,
981 1867 1020 1909 eo
1047 1850 1129 1924 quod
1157 1858 1187 1909 et
1215 1849 1317 1910 omnia

105 1947 380 2026 perficitpereum·
464 1946 481 1981 ιι
566 1945 583 1980 ιι
666 1946 683 1981 ιι
766 1947 784 1983 ιε
868 1946 885 1981 ιι
969 1947 987 1983 ιε
1071 1946 1088 1981 ιι
1171 1947 1190 1984 ιι
1272 1949 1366 2032 *¹5

163 2045 252 2108 οὕτως
272 2048 342 2127 γοῦν
361 2043 417 2122 πρό
436 2045 490 2121 μὶν
519 2047 570 2104 τοῦ
589 2045 713 2121 σταυροῦ
734 2044 781 2102 καὶ
801 2048 940 2103 πεινῶντα
968 2041 1086 2121 δρῶμεν,
1117 2042 1164 2102 καὶ
1192 2043 1317 2121 διψῶντα

103 2142 286 2223 γνωρίζομεν,
309 2142 356 2200 καὶ
377 2142 524 2201 δειλιιῦντα
544 2139 733 2218 μανθάνομεν,
757 2140 804 2199 καὶ
827 2138 984 2222 α’γνοοῦντα
1004 2138 1182 2218 εῦρίσκομεν·
1202 2140 1316 2219 ἐπείπερ

105 2239 150 2297 καὶ
170 2237 224 2315 τήν
247 2237 388 2316 πρόθεσιν
405 2243 455 2314 τῆς
469 2237 571 2316 α’ρετῆς
591 2236 657 2314 παρ’
677 2239 775 2296 ἐαυτοῦ
792 2236 1019 2314 σιινεισεφέρετο.
1063 2236 1109 2295 καὶ
1134 2234 1242 2313 μάρτυς
1261 2243 1317 2297 rur

105 2345 269 2425 λεηομένων
287 2342 409 2406 Ἡσαΐας
427 2340 445 2402 ό
461 2340 612 2421 προφήτης
628 2340 731 2423 λέγων·
765 2338 837 2399 aron
860 2332 930 2420 πρὶν
955 2334 1109 2408 *imbuat
1134 2336 1171 2399 τό
1197 2330 1313 2398 nauiou

104 2439 216 2512 λτοθὸιι
245 2439 267 2504 ii
294 2443 398 2515 κοκόιι,
421 2436 539 2503 ἀπειθεῖ
565 2436 698 2523 ποιιιιρίη
727 2436 901 2501 ἑκλέὶοιθιιι
931 2436 968 2500 τὸ
994 2436 1143 2509 arabon*
1181 2440 1316 2519 δηλονότι
1330 2465 1368 2505 ao

106 2541 253 2621 διακρίσει,
268 2539 395 2619 μισήσας
413 2541 468 2618 μέν
485 2542 584 2612 ἐκεῖνο,
603 2542 686 2599 τοῦτο
705 2538 735 2599 δέ
748 2535 912 2620 άγαπήσας·
933 2537 1072 2617 διακρίσει
1093 2537 1185 2622 γάρή
1209 2539 1316 2624 ἐκλογή

104 2646 215 2713 πάντως
236 2656 274 2729 τῇ
300 2648 371 2727 πρός
392 2647 428 2708 τά
447 2647 533 2726 χείρω
554 2647 668 2729 γίνεται
712 2652 771 2709 πῶς
792 2643 842 2705 οῦν
864 2637 934 2725 ΠΡλΝ
959 2640 980 2704 ri
1003 2641 1118 2714 ΓΝῶΝοΙ
1140 2646 1174 2707 τό
1196 2641 1314 2709 Ποιλῖοιι

105 2748 188 2805 τοῦτο
209 2744 428 2823 διαπράττεται;
457 2743 613 2818 τουτέστιν,
638 2744 706 2822 πρὶν
728 2741 770 2802 ἐπ’
795 2742 902 2818 ἐκείνης
924 2741 1059 2823 γενέσθαι
1079 2748 1130 2818 τής
1152 2742 1267 2820 ήλικίας
1286 2748 1318 2804 ἐν

103 2840 123 2921 ᾖ
145 2841 272 2919 σύνηθες
291 2847 349 2906 τοῖς
370 2845 481 2907 λοιποῖς
501 2841 657 2921 ἀνθρώποις
683 2842 828 2903 ποιεῖσθαι
849 2845 906 2901 τῶν
926 2842 1074 2917 πρακτέων
1094 2840 1147 2917 τήν
1165 2840 1316 2921 διάκρισιν,

106 2940 220 3017 ἔχοντος
233 2937 320 2998 αὐτοῦ
339 2938 430 2998 πλέον
450 2939 496 2998 καὶ
517 2937 658 3016 ἐξαίρετον
676 2936 753 3016 παρά
774 2935 841 3000 τοῦς
861 2934 980 2998 λοιποῦς
1001 2933 1170 3013 άνθριόπους.
1216 2940 1241 2997 εἰ
1260 2936 1317 3019 γάρ
1331 2967 1347 3006 2
1352 2964 1368 3024 5

104 3036 144 3095 ἔτι
166 3037 215 3096 καὶ
236 3034 304 3113 παρ’
323 3034 393 3113 ήμῖν
417 3034 575 3114 εὑρίσκεται
595 3033 738 3098 πολλάκις
759 3034 846 3110 νήπια
865 3034 918 3111 μὲν
938 3030 991 3108 τήν
1009 3031 1133 3109 η’λικίαν,
1153 3037 1267 3110 πολλῆς
1287 3035 1318 3095 δὲ

105 3136 250 3197 συνέσεως
273 3133 406 3205 ἐπίδειξιν
427 3130 613 3213 παρεχόμενα,
637 3130 673 3195 οἷς
702 3134 740 3194 εἷς
764 3131 857 3208 θαῦμα
876 3127 957 3212 άγειν
979 3129 1046 3194 τοῦς
1069 3127 1191 3207 όριῦντας
1213 3130 1259 3192 διά
1284 3131 1318 3193 τό

103 3231 220 3309 μείζονα
245 3237 296 3306 τῆς
316 3229 428 3306 ήλικίας
447 3228 500 3306 τήν
514 3229 618 3288 οἰκείαν
639 3227 848 3289 ἐπιδείκνυσθαι
874 3223 1025 3304 φρόνησιν,
1046 3229 1160 3287 πολλοῦ
1178 3225 1319 3305 δήπουθεν

105 3330 212 3388 ἐκεῖνον
226 3325 277 3386 τόν
289 3325 438 3405 ἄνθρωπον
447 3325 572 3389 ἅπαντας
584 3324 767 3403 ὑπερβαίνειν
781 3329 867 3404 ἐχρῆν
880 3321 945 3386 τοῦς
959 3321 1019 3384 κατ’
1033 3321 1119 3384 αὐτόν
1131 3321 1301 3404 άνθράπους.

311 3467 329 3506 ιΙι
473 3462 491 3501 ’i‘
634 3458 652 3497 *
796 3462 814 3501 ¹1¹
957 3457 975 3496 *
1118 3459 1136 3498 ’i‘

171 3557 288 3631 ἸιιαοῨο
312 3557 347 3620 λέ
370 3557 566 3640 προέκοπτεν
592 3549 690 3637 ιὶλικιή
708 3549 753 3615 καὶ
770 3547 863 3636 οοφῐη
879 3547 923 3616 καὶ
939 3554 1029 3638 χάριτι
1045 3552 1125 3635 πορό
1140 3574 1175 3616 τε
1191 3554 1256 3638 θεῷ
1272 3550 1317 3617 καὶ
1333 3583 1371 3640 30

104 3659 317 3744 λιιθρόοποισή.
364 3654 461 3743 *jarria
498 3663 552 3739 μὲν
585 3661 642 3744 γάρ
670 3659 835 3741 προκόπτει,
868 3668 924 3722 τῶν
953 3660 1064 3740 χρόνον
1094 3658 1319 3739 προβαινόντων·

106 3760 200 3847 tobia
234 3768 273 3840 δέ,
303 3768 375 3827 κατά
403 3767 456 3844 τήν
482 3773 537 3828 τῶν
559 3766 669 3847 χρόνιον
695 3766 827 3846 πρόοδον,
856 3767 909 3845 τήν
941 3765 1058 3827 σόνεσιν
1091 3763 1320 3845 προσκτιόμενος·

106 3873 198 3955 χάριτι
227 3876 266 3950 δέ,
291 3873 451 3936 άκόλουθον
477 3881 513 3954 τῇ
537 3872 654 3935 συνέσει
681 3875 727 3935 καὶ
753 3881 790 3953 τῇ
817 3875 923 3958 γνάσει
948 3872 1001 3949 τήν
1021 3868 1122 3948 α’ρετήν
1146 3871 1257 3947 μετιιόν,
1290 3874 1321 3945 ἐξ

105 3971 140 4052 ἧς
162 3973 183 4051 ηι
205 3972 284 4052 παρά
304 3980 343 4053 τῷ
371 3975 424 4053 θεῷ
446 3971 529 4054 χάρις
548 3971 621 4052 αῦτῷ
641 3970 694 4048 τήν
711 3971 880 4050 προσθήκην
900 3968 1073 4046 ἐλάμβανεν·
1101 3967 1147 4027 καὶ
1174 3972 1203 4027 ἐν
1230 3975 1321 4030 πᾶσιν

104 4081 219 4145 τούτοις
252 4081 425 4160 προέκοπτεν
453 4077 533 4161 napa'
557 4097 591 4138 τε
616 4075 681 4156 θεῷ
708 4070 753 4136 καὶ
775 4071 961 4156 άκθρώῐῐοις,
983 4076 1038 4134 τῦν
1055 4074 1108 4150 μέν
1129 4070 1256 4148 όράντων
1268 4072 1321 4149 τήν
1333 4107 1369 4167 35

105 4178 267 4256 προκοπήν,
301 4181 352 4238 τοῦ
385 4177 417 4237 δέ
450 4174 505 4255 οῦχ
537 4173 658 4253 όροῖντος
690 4173 786 4252 μόνον,
816 4170 895 4232 άλλά
922 4171 968 4230 καὶ
995 4173 1247 4248 ἐπιμαρτυροῦντος
1274 4172 1321 4231 καὶ

276 4398 291 4446 9
307 4398 344 4446 sq.
362 4386 409 4431 “ct
426 4387 482 4444 post
498 4377 567 4429 alia”
799 4392 832 4440 30
848 4392 885 4442 sq.
905 4377 933 4424 ἐκ
944 4371 987 4425 τοῦ
997 4371 1072 4425 αὐτοῦ
1082 4372 1159 4437 λόγον

320 4536 333 4560 “
352 4535 410 4586 Isai.
425 4534 466 4583 vii.
483 4532 518 4584 16.
852 4532 868 4587 †
886 4535 912 4587 S.
926 4532 997 4584 Luke
1008 4532 1034 4583 ii.
1048 4545 1087 4595 52.
