3142 5100
114 381 155 445 tt.
177 399 222 456 11,
244 381 303 464 ra]
465 394 505 443 ru
532 394 583 444 er.
608 395 659 444 nn
682 393 914 446 ruroruauu
939 396 961 445 1.
1274 396 1316 462 93

112 563 248 626 multam
271 563 431 628 habentia
452 564 674 629 differentiam
697 566 740 628 ad
765 564 823 628 illa
845 574 1052 642 ornamenta,
1074 563 1240 647 siquidem
1261 562 1319 626 illa

110 677 304 732 ornamenta
327 671 572 753 uituperatione
595 670 702 752 magis
725 669 829 752 digna
849 677 935 746 sunt,
957 668 1021 731 hoc
1041 688 1120 732 uero
1142 687 1318 731 ornamen-

110 782 177 834 tum
212 774 400 837 necessario
425 773 558 837 laudem
585 773 738 857 adquirit.
792 773 1032 837 intendendum
1063 783 1114 836 est
1144 780 1257 836 autem
1285 770 1318 833 in

110 876 252 956 apostoli
267 877 477 940 sermonibus
493 878 651 961 quoniam
665 879 699 941 in
717 877 964 940 abdicationem
981 878 1219 941 contrariorum
1235 873 1318 937 illud

110 980 198 1059 quod
215 981 362 1045 deterius
379 992 450 1045 erat
466 984 610 1065 primum
627 982 748 1065 posuit,
765 981 879 1044 dicens
898 1002 961 1044 non
979 981 1015 1044 in
1036 981 1131 1044 tortis
1153 979 1206 1043 uel
1213 977 1306 1059 plex'
1357 993 1372 1061 5

109 1080 271 1159 crirribas‚·
294 1093 329 1147 et
349 1093 428 1147 tunc
450 1085 579 1159 adiecit,
596 1094 705 1149 cetera
728 1082 851 1158 dicens
866 1104 948 1147 auro
967 1093 1028 1146 aut
1048 1083 1243 1167 margaritis
1261 1091 1322 1146 aut

110 1197 191 1249 ueste
204 1187 358 1267 pretiosa.
403 1188 467 1251 hoc
481 1197 594 1251 autem
613 1199 648 1252 et
668 1197 806 1271 propter
828 1188 1118 1252 inconuenientem
1134 1189 1319 1252 uanitatem

110 1290 236 1353 interea
260 1292 373 1354 euenit
394 1291 474 1369 fieri,
493 1291 575 1355 ittud
604 1312 683 1355 uero
710 1301 848 1375 propter
865 1293 973 1357 solum
998 1302 1161 1357 ornatum.
1206 1293 1319 1356 dicens

109 1414 187 1457 uero
202 1394 268 1456 hoc
282 1395 374 1476 quod
390 1393 443 1458 uel
459 1398 607 1458 maxime
623 1397 756 1478 proprie
772 1395 815 1458 ad
840 1396 1109 1461 exhortationem
1127 1395 1319 1460 mulieribus

109 1499 274 1579 pertinere
295 1498 521 1576 existimabat,
536 1500 638 1564 adicit
661 1509 695 1563 et
718 1499 809 1564 aliud
833 1501 923 1583 quod
948 1501 1012 1564 illis
1034 1502 1170 1584 quidem
1187 1509 1319 1585 poterat
1337 1517 1376 1565 10

108 1601 227 1676 dicere,
244 1604 323 1666 uiris
339 1613 451 1666 autem
468 1625 680 1688 nequaquam
697 1606 731 1669 in
746 1627 862 1669 earum
878 1607 1151 1672 similitudinem:

175 1758 296 1821 mulier
309 1757 344 1821 in
358 1758 485 1822 silentio
500 1757 604 1821 dz'scat
616 1779 688 1821 cum
703 1758 796 1821 omni
810 1759 1005 1824 subtectione.

175 1885 210 1940 et
226 1877 413 1941 euidentius
428 1877 555 1942 dictum
571 1898 668 1940 suum
685 1879 918 1961 interpretans,
935 1879 1057 1944 adicit:

176 2025 345 2090 mulierem
374 2038 482 2091 aretem
510 2029 616 2092 docere
644 2049 707 2091 nort
730 2029 883 2111 permitto
909 2051 1006 2112 neque
1034 2030 1201 2094 dominari
1226 2044 1321 2115 super

111 2133 225 2196 uimrn
240 2153 348 2208 ιιικιιι,
361 2132 494 2195 sedasse
508 2132 542 2195 in
557 2133 692 2196 silentio.
1337 2158 1372 2226 15

173 2249 342 2332 †euidens
358 2262 408 2315 est
424 2255 580 2335 quoniam
596 2252 660 2317 hoc
676 2254 719 2317 de
734 2263 824 2318 statu
843 2254 899 2318 illo
911 2256 1014 2319 adicit
1026 2257 1082 2339 qui
1096 2256 1129 2319 in
1141 2277 1319 2320 commune

107 2358 224 2433 fiebat,
237 2376 279 2419 eo
293 2356 383 2438 quod
400 2376 467 2419 non
483 2358 660 2420 conueniat
675 2378 732 2420 eas
748 2356 780 2419 in
798 2357 936 2421 ecclesia
952 2357 1100 2423 docere*
1136 2359 1320 2424 necessaria

106 2472 223 2529 autem
255 2469 326 2522 erat
356 2459 412 2522 illo
443 2460 651 2543 intempore
680 2459 871 2523 huiusmodi
899 2462 1100 2544 praecepti0‚
1123 2462 1258 2545 quando
1284 2468 1320 2525 et

104 2565 327 2651 prophetasse
353 2564 486 2628 diuinae
509 2566 637 2646 gratiae
663 2565 764 2647 digne
789 2563 1088 2645 existimabantur;
1122 2586 1166 2630 ex
1197 2567 1319 2649 quibus

172 2718 328 2800 δηλονότι
346 2719 423 2804 περὶ
441 2718 499 2798 τῆς
519 2719 554 2785 e'v
574 2721 671 2807 κοινῷ
690 2718 929 2790 καταστάσεως
948 2718 1049 2802 λέγει,
1073 2717 1115 2787 ὥς
1136 2718 1177 2783 ἂν
1192 2715 1228 2782 ori
1249 2715 1319 2784 δέον
1333 2744 1376 2793 20

104 2826 139 2889 ἐν
162 2825 328 2910 ἐκκλησίᾳ
350 2821 449 2892 αὐτὰς
471 2821 644 2888 διδάσκειν.

159 2968 329 3018 rhabentem
343 2967 402 3016 CH
406 2982 413 3016 ι
431 2974 497 3016 txtr
584 2969 775 3031 4abiicatione
797 2970 831 3018 H
929 2967 1121 3032 5plexibusH
1203 2967 1319 3030 oudam

105 3052 138 3101 H
145 3051 158 3074 ⁸
303 3061 332 3113 19
349 3050 498 3113 prophetase
515 3051 539 3100 d.
551 3066 589 3114 gr.
603 3052 678 3115 digne
694 3051 737 3100 C*
747 3052 781 3100 H
804 3051 975 3116 prophetissae
986 3052 1020 3099 lb
1033 3051 1078 3109 (see
1091 3050 1153 3111 rate)
1173 3050 1319 3115 prophetiae

104 3132 197 3182 diuina
208 3130 289 3194 gratia
299 3131 390 3193 dignae
400 3148 417 3178 r
481 3147 513 3182 ιο
531 3133 610 3183 Coisl.
624 3149 679 3194 τοι,
694 3132 711 3183 i.
729 3146 772 3197 195
782 3134 799 3182 b
811 3133 865 3195 [Cr.
874 3133 917 3182 vii.
930 3148 969 3193 το,
984 3133 1026 3181 Fr.
1040 3148 1049 3182 r
1054 3132 1096 3194 50]
1107 3132 1229 3193 θεόδωρος.
1246 3130 1319 3183 ἄλλοι

105 3216 133 3263 δέ
144 3217 180 3263 εἰς
191 3215 222 3262 ro
235 3214 344 3272 ‘ymeri
356 3215 381 3261 δὲ
393 3212 514 3262 διδάσκειν
526 3216 550 3263 ἐν
561 3216 678 3274 ἐκκλησίᾳ
691 3215 745 3274 (sic)
758 3217 801 3263 οὐκ
811 3216 933 3278 ἐπιτρέπω
943 3213 949 3235 ’
960 3215 1043 3275 φησίν·
1056 3214 1175 3274 δηλονότι,
1187 3215 1263 3263 κ.τ.λ.

145 3361 168 3394 ι.
214 3343 320 3392 multam
352 3343 408 3393 hab.
437 3345 610 3408 offerentiam,
634 3344 692 3406 dte]
739 3345 794 3394 Our
804 3347 937 3396 translator
947 3346 993 3395 has
1004 3344 1084 3394 either
1094 3345 1153 3394 read
1170 3346 1221 3392 τοῦ
1235 3342 1318 3408 ἀνδρός

111 3427 242 3484 πολλὴν
268 3427 357 3485 ἔχοντα
380 3427 448 3488 πρὸς
476 3427 553 3474 ἐκεῖνα
574 3424 619 3486 τὴν
641 3427 690 3475 δια·
742 3424 767 3490 (a
777 3428 874 3477 variant
884 3429 913 3477 oi
921 3428 1003 3477 which
1021 3427 1090 3475 there
1101 3429 1122 3476 is
1133 3442 1167 3475 no
1177 3434 1244 3476 trace
1255 3427 1317 3477 else·

106 3507 198 3570 φοράν.
741 3505 842 3568 where),
854 3524 883 3556 or
898 3508 930 3558 he
947 3508 992 3556 has
1009 3508 1072 3556 been
1091 3507 1180 3556 misled
1195 3507 1229 3570 by
1244 3505 1317 3557 Tn’s

141 3591 168 3637 8.
208 3586 490 3647 intercol=interdum‚
520 3602 536 3636 a
562 3587 612 3637 late
640 3587 692 3637 aud
741 3595 866 3636 comment
878 3590 912 3652 (p.
928 3602 967 3651 94,
981 3587 997 3635 l.
1010 3586 1046 3648 6).

106 3668 290 3734 poeticatuse;
310 3684 352 3717 see
363 3668 406 3717 the
418 3668 481 3718 lexx.
492 3685 512 3716 s.
522 3686 546 3719 v.
777 3681 814 3730 17.
849 3669 878 3718 in
900 3669 992 3718 ecclesia
1018 3666 1107 3728 docere]
1140 3666 1227 3731 Chrys
1256 3667 1317 3718 cites

145 3770 183 3815 ιφ
217 3752 343 3800 mulierem
354 3759 434 3801 autem
444 3754 532 3815 docere]
548 3753 598 3802 Th.
610 3768 692 3803 seems
743 3750 825 3799 1Cor.
838 3751 887 3800 xiv.
903 3766 941 3813 34,
960 3765 1000 3812 35.

108 3843 136 3882 to
147 3833 213 3881 have
224 3833 316 3897 agreed
327 3834 389 3882 with
404 3833 492 3897 Chrys.
508 3835 559 3885 and
572 3834 650 3885 Thdt.
665 3834 691 3883 in
776 3833 813 3881 18.
847 3832 945 3897 quondo
961 3838 984 3880 et
998 3830 1164 3894 prophetasse]
1192 3829 1317 3881 Lanirnnc

109 3918 215 3981 reading
242 3917 338 3975 γυναικὶ
366 3916 398 3965 δὲ
422 3915 548 3966 διδάσκειν.
593 3915 691 3967 Tisch.⁸
740 3914 790 3962 and
808 3914 839 3963 R.
854 3913 883 3963 os
897 3916 926 3963 B.
939 3921 1015 3979 quote
1033 3913 1083 3963 this
1100 3921 1217 3963 sentence
1233 3912 1259 3960 in
1274 3913 1317 3962 the

109 3999 172 4048 citet
182 3997 225 4046 the
238 4005 327 4045 eatena
340 3995 366 4043 in
377 3996 452 4059 proot'
465 3996 495 4046 os
505 3996 569 4057 this;
586 3999 631 4047 but
647 3997 690 4046 the
740 3994 818 4049 torm:
837 3998 852 4021 “
861 3995 999 4044 necessaria
1013 4002 1065 4043 erat
1080 3993 1124 4042 illo
1139 3992 1208 4054 [÷in
1219 3992 1244 4053 b]
1254 3999 1316 4042 tem-

110 4078 202 4129 textos
215 4078 259 4127 the
275 4085 366 4125 eatena
383 4092 441 4140 may
455 4078 520 4127 bave
535 4078 599 4127 been
609 4078 690 4128 deter-
739 4093 800 4142 pore
812 4077 916 4139 [-haec
927 4078 951 4139 b]
967 4077 1117 4142 praeceptio,
1130 4075 1230 4139 quando
1245 4075 1316 4140 [quo-

109 4160 193 4209 mined
204 4160 239 4221 by
255 4173 290 4206 an
303 4164 399 4206 extract
418 4156 481 4206 from
498 4158 587 4221 Chrys.
607 4158 690 4208 which
741 4159 810 4208 niam
821 4159 846 4221 δ]
865 4159 1078 4223 prophetissae
1095 4154 1195 4217 erant;”
1212 4157 1263 4205 and
1273 4157 1317 4206 the

108 4240 280 4302 immediately
302 4237 431 4303 precedes.
473 4239 528 4287 The
548 4240 623 4290 Latin
638 4256 691 4290 ver·
739 4240 844 4305 reading
854 4239 882 4289 of
897 4241 961 4290 Rab.
980 4240 1065 4305 points
1075 4246 1102 4288 to
1119 4238 1161 4287 the
1178 4253 1246 4286 same
1264 4253 1318 4287 cor·

108 4322 307 4379 sionbowever,
318 4319 403 4368 leaves
411 4319 563 4370 littledoubt
574 4328 636 4369 asto
648 4321 691 4371 the
741 4322 836 4372 rection
859 4323 887 4372 of
900 4323 1062 4388 prophetasse.
1109 4321 1166 4372 The
1184 4320 1319 4372 translator

105 4404 176 4452 order
187 4401 274 4452 which
286 4399 339 4449 Th.
354 4398 479 4449 followed.
512 4402 594 4464 Super
602 4401 689 4450 uirum
740 4403 848 4469 perhaps
869 4412 959 4453 wrote:
987 4400 1087 4466 ᾳικακιίσ
1111 4406 1134 4450 ct
1155 4397 1320 4463 prophetissae

102 4502 194 4541 ruam:
213 4484 245 4534 Ο.
264 4483 295 4531 L.
321 4481 373 4529 and
396 4480 481 4544 Vulg„
510 4482 560 4531 “in
580 4483 689 4533 ninim.”
738 4485 841 4534 diuinae
847 4485 945 4549 gratiae
954 4486 1044 4548 dr'gnae
1053 4480 1265 4532 existimabantur.
