3142 5100
102 398 142 461 V.
163 396 296 482 15,16.]
398 409 440 462 ru
464 410 517 463 ur.
540 412 591 463 ab
614 410 990 464 ruessntonrcnusns
1013 413 1036 464 1.
1271 412 1311 478 37

98 591 280 667 sequenter
301 584 345 651 de
368 584 442 663 illis,
466 608 553 671 quae
577 586 649 672 ipse
670 586 894 671 praedixerat,
917 584 1087 670 praecepit
1108 583 1210 649 etiam
1234 583 1312 647 doc-

98 696 191 753 tores
215 689 325 755 facere
337 712 354 770 ;·
377 693 421 757 de
447 692 567 775 quibus
596 700 632 755 et
658 692 730 774 ipse
756 691 790 754 in
814 691 956 774 epistola
980 712 1040 755 sua
1064 692 1249 773 scripserat,
1275 694 1312 751 ut

98 790 143 854 de
157 790 211 855 his
227 791 437 875 diligentiam
460 793 664 858 adhiberent
710 802 745 858 et
765 793 830 857 illis
849 792 1055 876 praecipiens
1074 789 1311 874 compendiose

98 902 138 958 ut
151 898 159 925 ⁴
172 894 375 959 instruerent
391 896 674 979 indisciplinatos:
685 897 729 961 ad
746 918 830 980 quos
847 907 880 962 et
896 898 967 980 ipse
979 897 1111 961 uidetur
1125 893 1309 978 scripsisse;

97 1000 312 1064 consolamini
330 1021 410 1064 uero
424 1001 661 1084 pusillanimes,
679 1002 734 1084 qui
756 1000 800 1065 ob
822 1000 895 1064 illos
917 1001 973 1085 qui
994 1000 1204 1065 decedebant
1218 996 1311 1060 flebi·
1347 1009 1362 1077 5

97 1098 178 1164 liter
212 1122 328 1166 eorum
359 1104 604 1185 separationem
634 1102 805 1183 ferebant5
847 1104 1001 1167 smtimte
1035 1100 1311 1187 infirmos-dicit

100 1214 215 1270 autem
237 1208 281 1270 de
297 1207 362 1271 illis
377 1209 435 1290 qui
455 1206 671 1271 fornicatione
691 1207 962 1290 deturpabantur,
985 1208 1110 1271 docens
1130 1226 1197 1270 non
1218 1203 1311 1270 abdi·

100 1332 177 1377 care
188 1334 246 1377 eos
258 1323 395 1397 propter
409 1314 537 1395 peccati
550 1314 653 1394 ipsius
665 1311 970 1395 exprobrationem,
983 1312 1041 1375 sed
1055 1320 1088 1375 et
1100 1309 1309 1394 diligentiam

100 1434 180 1496 erga
198 1413 275 1479 illos
293 1416 442 1479 debitam
461 1415 628 1490 adhibere,
643 1424 678 1478 et
700 1433 814 1477 curam
838 1414 945 1497 magis
969 1412 1034 1475 illis
1055 1410 1216 1476 facere·ut
1230 1430 1311 1474 con·

102 1527 283 1581 uertantur.
329 1519 426 1583 sicet
446 1518 512 1582 alio
533 1519 566 1581 in
587 1517 662 1582 loco
685 1518 848 1582 scribens:
871 1517 945 1600 quis
965 1516 1099 1601 (inquit)
1119 1516 1313 1601 infirmatur
1328 1534 1368 1582 10

99 1628 134 1682 et
146 1639 210 1682 non
224 1640 280 1702 ego
291 1619 466 1705 infirmor?
487 1619 551 1684 hoc
567 1628 627 1698 est,
639 1623 735 1684 ‘mea
747 1640 820 1684 esse
835 1618 974 1684 aliorum
987 1619 1145 1683 existimo
1156 1615 1311 1702 peccata'

100 1719 188 1783 bene
210 1730 324 1785 autem
347 1722 450 1785 adicit
465 1723 625 1805 patientes
645 1732 740 1787 estote
757 1722 807 1786 ad
822 1744 936 1798 omnes,
953 1742 994 1785 eo
1015 1721 1103 1804 quod
1119 1719 1183 1784 hoc
1198 1739 1310 1784 neces·

100 1823 226 1886 sarium
250 1824 349 1888 ualde
372 1833 423 1889 est
445 1826 621 1910 magistris,
638 1827 686 1891 ita
708 1836 745 1890 ut
767 1848 835 1895 non
859 1826 955 1890 facile
976 1827 1155 1909 desperent
1176 1832 1312 1908 propter

100 1934 250 2005 peccata,
272 1927 437 2010 patienter
462 1949 542 1993 uero
568 1948 663 1993 suam
686 1929 848 2011 impleant
874 1928 1069 2001 doctrinam,
1092 1935 1334 2008 expectantes·

98 2047 235 2110 semper
250 2038 288 2093 ut
303 2030 455 2115 discipuli
476 2031 629 2096 meliores
651 2032 701 2094 sui
723 2030 914 2105 efficiantur,
930 2029 1123 2112 lucrumque
1140 2028 1311 2111 proprium
1329 2043 1364 2113 15

98 2152 176 2195 esse
191 2134 394 2211 existiment,
410 2136 541 2199 etiamsi
558 2143 593 2199 et
615 2135 718 2199 serius
740 2133 922 2216 aliquando
944 2154 1002 2198 eos
1024 2134 1193 2217 potuerint
1213 2131 1256 2195 ad
1277 2132 1311 2194 id

98 2236 194 2319 quod
217 2236 394 2302 honestum
415 2248 466 2304 est
484 2259 648 2303 reuocare.
688 2224 728 2304 ¹et
743 2239 864 2303 iterum
887 2237 930 2302 ad
948 2236 1138 2321 generalem
1155 2236 1312 2301 exhorta·

97 2338 232 2402 tionem
248 2341 464 2423 progrediens
479 2342 662 2423 praecipit:

167 2475 275 2540 uidete
288 2496 327 2539 ne
347 2476 421 2560 quis
441 2477 565 2541 malum
579 2486 642 2559 pro
657 2477 742 2540 italo
755 2476 859 2540 alicui
879 2476 1004 2555 reddat,
1019 2477 1079 2541 scd
1093 2487 1216 2560 semper
1229 2476 1316 2559 quod

99 2578 220 2644 bonum
235 2591 283 2644 est
295 2580 465 2645 sectamini
478 2581 513 2645 in
529 2580 667 2644 inuicem
680 2591 712 2644 et
726 2581 761 2644 in
776 2602 892 2646 omnes.
1327 2599 1370 2646 20

168 2698 252 2764 nulli
268 2700 393 2762 malum
409 2721 469 2783 pro
487 2700 577 2764 malo
592 2701 713 2765 debere
728 2701 906 2764 retribuere
922 2699 1011 2776 dicit,
1026 2698 1164 2782 [bonnm
1179 2698 1311 2781 sectari]

100 2821 184 2866 uero
214 2802 248 2864 in
279 2810 441 2883 quantum
472 2804 575 2868 uirtus
605 2802 795 2885 opitulatur,
822 2811 858 2866 ut
883 2803 990 2885 magis
1015 2803 1049 2866 in
1077 2802 1218 2865 inuicem
1249 2801 1312 2865 sibi

100 2902 266 2968 beneficia
288 2904 478 2985 praebeant,
499 2926 575 2970 cum
596 2905 660 2968 illis
680 2905 736 2988 qui
759 2904 890 2968 externi
914 2905 1009 2968 nobis
1032 2923 1105 2967 esse
1128 2902 1313 2969 uideantur.

101 3009 228 3073 deinde
242 3007 365 3073 adicit:

168 3155 293 3227 semper
300 3144 446 3227 gaudete.
1327 3166 1364 3236 25

168 3260 234 3327 hoc
257 3271 328 3326 est:
359 3266 437 3345 ‘pro
459 3264 614 3327 omnibus
636 3264 779 3329 tristitiis
802 3285 889 3347 quae
918 3266 1014 3330 uobis
1043 3265 1199 3329 accidunt
1222 3263 1312 3328 bono

154 3431 164 3466 r
183 3414 365 3480 praecoepitC
437 3431 452 3479 3
469 3416 623 3482 praecipiens
633 3433 672 3467 om
684 3434 700 3466 r
765 3436 780 3480 4
797 3418 922 3467 instnrerit
936 3417 975 3468 C*
1053 3432 1066 3481 5
1084 3416 1233 3467 decidebant
1247 3414 1285 3466 C*
1297 3433 1314 3465 r

100 3495 259 3549 frustinere
271 3499 310 3549 θ’
445 3512 458 3561 7
476 3500 715 3566 deturpebanturH
742 3501 965 3551 deturbabanturr
1095 3499 1312 3550 8abdicationem

101 3577 299 3642 (sorexprobr.)
311 3579 344 3628 H
407 3594 437 3630 ιο
448 3579 474 3628 in
485 3581 535 3630 alio
546 3581 563 3630 1.
575 3581 607 3630 H
619 3580 623 3646 Ι
636 3581 723 3631 scribis
736 3581 774 3631 Ο*
810 3582 927 3631 scribitC
937 3579 1011 3645 (corr)
1028 3578 1174 3645 linquitom
1185 3581 1218 3630 H
1282 3595 1310 3631 rt

101 3677 149 3726 ego
159 3677 213 3711 non
224 3661 259 3710 H
264 3678 281 3710 r
294 3659 299 3724 Ι
312 3676 379 3726 peoc
395 3660 466 3712 exist.
478 3680 495 3712 r
569 3679 598 3713 nr
617 3665 752 3714 retribuere
769 3663 831 3713 dicit
842 3679 882 3711 om
896 3663 931 3713 C’
946 3662 951 3727 Ι
965 3664 1059 3712 bonum
1070 3663 1159 3712 sectari
1170 3679 1209 3711 om
1224 3661 1310 3712 C'H:

97 3742 203 3791 reddere
222 3741 284 3791 dicit
300 3748 395 3791 sectare
411 3744 434 3793 C
448 3740 523 3808 (corr)
543 3743 610 3805 [both
632 3743 674 3793 Ο·
691 3744 747 3792 and
763 3745 798 3794 H
809 3745 875 3793 sltcw
896 3760 913 3793 a
929 3745 1032 3806 lacuna]
1049 3744 1151 3793 retribui
1173 3744 1198 3791 d.
1216 3744 1311 3792 bonurn

99 3831 224 3873 sectarer
321 3837 352 3886 ²³
368 3823 445 3873 etiam
460 3824 509 3888 (ast
525 3824 669 3889 praebeant)
683 3826 735 3874 add
751 3826 773 3875 C
791 3823 864 3889 (corr)
881 3823 963 3889 {quae
978 3842 1008 3876 ex
1023 3833 1121 3876 terrena
1135 3823 1238 3874 materia
1256 3823 1314 3887 (sor

99 3909 143 3973 qui
155 3906 263 3969 externi)
274 3921 292 3955 r

134 4050 159 4100 7.
176 4035 386 4100 deturpabuntur]
394 4035 584 4098 Rbnschltala,
590 4051 616 4101 p.
628 4052 683 4102 190·
732 4037 818 4104 clergy
828 4039 878 4087 and
890 4038 981 4103 people
991 4038 1066 4091 alike.

136 4133 176 4168 ro.
211 4116 302 4166 alioin
312 4117 372 4179 loco]
390 4118 520 4168 iconii.
534 4133 574 4184 29.
767 4135 808 4169 21.
841 4120 931 4170 bonum
950 4119 1047 4180 sectam]
1078 4119 1116 4170 Or
1136 4120 1244 4186 perhaps
1265 4138 1311 4172 sec·

136 4211 177 4262 15·
210 4197 321 4248 mlieres
340 4198 393 4261 sui]
421 4198 459 4248 Cf.
480 4198 591 4257 Rbnsch,
606 4199 683 4257 Itala,
733 4208 788 4251 tare
799 4201 852 4260 (inf.
867 4202 937 4262 act).
974 4203 1009 4252 So
1026 4201 1147 4262 (whether
1163 4202 1197 4265 by
1214 4202 1310 4266 conjec-

100 4299 125 4347 p.
138 4279 197 4345 436.
731 4289 786 4331 ture
797 4296 826 4329 or
839 4281 903 4330 from
918 4297 934 4330 a
948 4296 1017 4331 more
1031 4280 1125 4344 perfect
1139 4281 1213 4346 copy)
1228 4281 1311 4331 Raba-

134 4377 174 4426 ¹7·
194 4363 287 4413 iterum
297 4361 392 4427 origen.
400 4362 466 4420 cxi„
478 4363 534 4425 dte]
551 4363 591 4414 Cf.
603 4364 681 4414 Thdt.
733 4377 778 4412 nus
790 4362 901 4427 supplies
911 4363 955 4411 the
965 4362 1050 4410 hiatus
1061 4361 1087 4410 in
1098 4377 1144 4410 our
1155 4362 1233 4412 MSS.

100 4442 193 4508 (infra,
208 4458 242 4492 on
259 4445 340 4504 mn)
357 4441 524 4505 uituperatio
540 4444 682 4506 ἀποτρέπει.
767 4441 807 4492 26.
840 4446 942 4493 incest:
952 4451 1077 4508 proomn.
1092 4443 1172 4504 min]
1189 4443 1262 4493 Cited
1276 4445 1311 4510 by

100 4525 157 4575 The
175 4524 336 4576 exhortationi
359 4524 380 4575 is
406 4526 480 4590 again
500 4526 635 4577 addressed
656 4532 684 4576 to
735 4527 867 4577 lanfranc.
895 4525 936 4577 Cf.
946 4525 1131 4589 chryseworo
1139 4526 1195 4588 περὶ
1203 4522 1249 4574 rdv
1260 4543 1310 4576 ret·
