3142 5100
250 375 315 441 324
726 369 919 422 APPENDIX
941 368 974 420 Α.

248 545 388 624 neganda
400 554 446 606 est
460 543 612 623 utriusque
626 542 798 623 proprietas.
842 555 873 605 et
886 540 958 604 alibi
971 544 1010 605 de
1023 543 1089 606 uiro
1103 555 1133 606 et
1152 565 1245 609 uxore
1262 550 1464 626 pronuntians
1555 610 1556 635 ,

247 643 303 705 ait:
324 645 384 703 iam
398 663 455 704 non
469 651 539 703 sunt
550 645 614 717 duo,
629 645 681 703 scd
691 662 752 702 una
764 640 874 713 απαξ·
894 642 947 703 sed
961 662 1025 703 non
1039 642 1109 720 quia
1122 663 1183 704 una
1196 664 1267 707 caro
1277 648 1325 708 uir
1335 661 1365 710 et
1376 670 1462 725 uxor,

248 740 307 801 iam
322 759 385 802 non
399 753 468 802 sunt
482 741 554 814 duo,
565 751 690 802 manent
704 739 783 801 enim
799 740 859 800 duo
874 739 955 800 iuxta
968 742 1050 818 quod
1065 743 1127 803 duo
1141 754 1219 817 sunt,
1231 755 1263 805 et
1274 766 1371 806 unum
1379 748 1463 809 iuxta
1555 800 1556 807 ,

248 839 330 915 quod
344 859 445 899 unum
489 841 654 901 secundum
668 841 748 901 hunc
762 840 888 900 modum
903 850 933 901 et
947 840 996 900 hic
1010 841 1071 901 duo
1086 853 1155 902 sunt
1169 854 1283 917 natura,
1297 846 1350 906 sed
1365 867 1460 907 unum
1555 848 1556 855 ’

215 933 472 1012 sconiunctione3
496 937 558 998 duo
575 949 688 1009 natura,
704 936 775 1014 quia
793 938 888 997 multa
903 950 1076 997 naturarum
1090 937 1269 1015 diuersitas3
1296 942 1351 1002 sed
1365 962 1461 1003 unum

246 1032 468 1115 coniunctione,
493 1034 562 1112 quia
583 1034 743 1096 indiuisam
767 1034 991 1095 uenerationem
1014 1037 1098 1112 quod
1121 1050 1294 1116 susceptum
1318 1052 1365 1101 est
1388 1061 1460 1101 eum
1555 1032 1556 1035 ¹

246 1126 428 1207 suscipiente
443 1129 570 1203 sortitur,
585 1132 669 1192 uelut
690 1132 836 1208 templum
857 1131 920 1191 eius
941 1130 1130 1195 indiuiduum
1150 1153 1353 1211 perseuerans
1397 1155 1461 1198 om·
1554 1132 1556 1141 ⁴

246 1223 297 1285 nia
317 1226 397 1288 enim
426 1247 634 1306 quaecumque
661 1230 723 1289 duo
751 1227 892 1289 dicuntur
919 1240 991 1289 tunc
1019 1231 1148 1290 duorum
1175 1231 1334 1294 continent
1361 1253 1458 1307 usum,
1555 1280 1556 1283 η

245 1325 369 1401 quando
383 1327 507 1387 alterum
521 1326 604 1387 alteri
619 1326 789 1387 indifferens
803 1326 934 1388 creditur
946 1327 1027 1388 iuxta
1041 1329 1123 1406 quod
1135 1331 1262 1391 duorum
1275 1334 1459 1393 uocabulum
1555 1406 1556 1417 χ

196 1444 233 1485 ro
245 1422 603 1501 connumerationemque
627 1422 753 1484 sortitur.
797 1422 881 1484 uerbi
905 1424 1006 1502 gratia,
1032 1436 1173 1501 quattuor
1195 1425 1329 1501 bestiast
1354 1427 1459 1487 diuina
1555 1430 1556 1467 l

245 1522 390 1601 scriptura
416 1534 642 1597 commemorat,
671 1543 781 1596 ursum,
814 1524 951 1601 pardum,
977 1524 1106 1611 leonem,
1130 1534 1161 1584 et
1188 1522 1277 1584 aliam
1302 1544 1381 1602 quae
1402 1526 1458 1585 has
1555 1572 1556 1579 ,

244 1618 431 1683 immanitate
448 1624 622 1700 pmecellat3
643 1634 673 1683 et
691 1621 761 1684 ideo
779 1633 851 1684 sunt
869 1633 1016 1701 quattuor,
1036 1623 1119 1699 quod
1143 1642 1343 1701 unaquaeque
1362 1623 1459 1684 bestia
1555 1670 1556 1687 .

244 1718 319 1780 nihil
340 1721 439 1782 minus
462 1720 544 1782 iuxta
568 1721 765 1783 substantiam
795 1721 916 1800 reliquis
949 1720 1050 1782 bestiis
1078 1723 1292 1800 comprobatur
1320 1722 1456 1784 existere.
1555 1762 1556 1817 q

244 1819 368 1878 duorum
397 1818 518 1899 (inquit)
546 1821 694 1881 hominum
721 1821 913 1879 testimonium
941 1839 1041 1878 uerum
1061 1819 1133 1896 estss,
1156 1819 1308 1897 quiahoc
1329 1832 1458 1899 uterque

195 1932 230 1994 15
245 1925 350 1975 natura
365 1916 449 1991 quod
467 1919 541 1976 alter
558 1926 610 1976 est
654 1915 697 1976 sic
715 1927 746 1977 et
759 1915 848 1976 illud:
868 1923 1049 1993 nemopoleal
1061 1918 1171 1976 duobus
1183 1918 1456 1995 hminumm'reg

244 2011 315 2089 quia
334 2014 489 2090 praebenti
517 2014 670 2076 seruitium
698 2027 853 2093 tamquam
880 2013 1005 2076 domino
1031 2014 1105 2074 nihil
1132 2015 1230 2077 minus
1258 2028 1384 2096 uterque
1412 2032 1458 2080 est
1555 2034 1556 2105 j

218 2108 394 2175 ‚dominus
436 2109 478 2171 ita
504 2122 535 2171 et
563 2111 620 2173 hic.
660 2112 685 2171 si
712 2122 838 2190 uterque
860 2114 1026 2173 secundum
1048 2111 1246 2173 substantiam
1271 2128 1352 2176 esset
1378 2116 1458 2177 tilius
1555 2118 1556 2141 ¹

244 2217 275 2266 et
288 2207 437 2283 dominus,
452 2220 576 2286 possent
593 2208 694 2287 aliquo
713 2210 806 2271 modo
824 2211 885 2270 duo
905 2208 957 2269 filii
976 2221 1006 2270 et
1025 2208 1142 2271 domini
1162 2212 1337 2290 nuncupari,
1354 2233 1459 2274 secun
1555 2216 1556 2275 l

244 2303 318 2363 dum
347 2324 505 2366 numerum
533 2326 734 2384 personarum.
785 2306 930 2385 quoniam
959 2326 1031 2368 uero
1058 2305 1109 2368 hic
1137 2308 1259 2386 quidem
1287 2313 1458 2372 secundum

193 2418 231 2461 no
243 2403 441 2465 substantiam
455 2404 533 2465 tilius
546 2405 644 2466 existit
658 2418 688 2466 et
701 2404 849 2481 dominus,
865 2405 915 2465 hic
928 2417 1028 2465 autem
1044 2407 1209 2467 secundum
1224 2409 1383 2469 essentiam
1399 2430 1458 2471 nec
1554 2392 1556 2431 Ἴ

243 2498 321 2562 filius
348 2519 405 2562 nec
425 2501 566 2563 dominus
587 2503 776 2581 adprobatur,
799 2501 1012 2564 coniunctione
1032 2522 1105 2565 uero
1126 2524 1204 2583 quae
1227 2504 1255 2566 ei
1282 2507 1363 2568 facta
1384 2526 1458 2569 cum

243 2597 296 2660 illo
313 2611 357 2660 est
378 2598 495 2661 hisdem
515 2600 708 2679 participasse
728 2602 926 2680 cognoscitur,
945 2601 1056 2663 idcirco
1075 2622 1167 2662 unum
1189 2603 1283 2663 filium
1308 2616 1338 2666 et
1362 2605 1459 2665 domi-
1555 2639 1556 2666 ;

243 2717 316 2758 num
330 2698 457 2760 dicimus
461 2721 470 2774 ;
491 2698 692 2779 principaliter
704 2699 827 2778 quidem
842 2701 1047 2778 intellegentes
1061 2720 1130 2761 eum
1144 2700 1238 2761 filium
1252 2713 1283 2763 et
1297 2701 1457 2763 dominum

245 2795 299 2872 qui
313 2798 478 2858 secundum
493 2799 688 2860 substantiam
703 2811 863 2877 utrumque
877 2819 945 2860 uere
960 2817 1025 2859 esse
1040 2798 1169 2860 creditur
1183 2809 1213 2860 et
1226 2813 1361 2872 uocatur,
1376 2819 1460 2860 com·
1555 2789 1556 2854 ἶ

193 2905 229 2967 25
243 2896 409 2971 plectentes
428 2906 530 2956 autem
551 2896 731 2975 cogitatione
747 2907 778 2956 et
797 2894 880 2955 illum
900 2896 950 2972 qui
964 2894 1197 2971 inseparabiliter
1211 2894 1238 2954 ei
1253 2894 1457 2973 coniungitur,

242 3003 273 3054 et
287 3012 340 3071 per
353 2991 534 3054 ineffabilem
548 3013 617 3053 cum
631 3013 669 3055 eo
683 2995 825 3071 copulam
839 3003 870 3053 et
883 2991 935 3051 tilii
949 3002 980 3051 et
990 2991 1106 3052 domini
1114 2992 1262 3070 particeps
1270 2992 1455 3054 aestimatur.
1555 3017 1556 3022 ¹

302 3091 404 3169 itaque
418 3092 513 3154 sicubi
522 3092 615 3153 filium
629 3094 710 3153 hunc
723 3091 774 3169 qui
789 3101 926 3169 sumptus
939 3101 985 3151 est
998 3089 1102 3151 diuina
1115 3090 1260 3168 scriptura
1273 3111 1461 3154 commemo

241 3199 295 3263 rat,
308 3189 452 3251 relatione
466 3188 652 3268 suscipientis
667 3189 748 3250 iuxta
762 3189 907 3249 unitatem
927 3186 1055 3247 dicimus
1074 3206 1144 3247 eum
1163 3186 1255 3246 filium
1278 3189 1456 3266 nuncupari

242 3328 313 3370 cum
337 3308 418 3370 eni1n
440 3309 527 3371 dicit:
551 3312 586 3370 de
599 3311 669 3387 filio
693 3331 744 3370 suo
771 3310 826 3386 qui
870 3309 993 3385 quando
1011 3307 1093 3368 enim
1112 3306 1200 3368 dicit:
1220 3309 1328 3384 desilii>
1341 3314 1463 3387 suoque*
1555 3299 1556 3370 i

189 3420 230 3478 30
232 3408 335 3483 factm
347 3415 389 3467 est
399 3409 429 3467 ei
438 3427 474 3467 ex
487 3409 591 3468 semine
603 3408 714 3467 Dauid
729 3428 823 3468 secun-
859 3407 961 3480 factus
974 3414 1016 3465 est
1026 3426 1063 3465 ex
1075 3408 1180 3466 semim
1185 3407 1296 3466 Dauid
1301 3409 1458 3468 secundum
1555 3413 1556 3486 l

242 3506 311 3564 dum
329 3509 467 3582 camerali,
490 3526 552 3566 non
572 3509 672 3566 Deum
686 3508 821 3566 Verbum
869 3524 991 3577 carnem,
1010 3522 1073 3564 non
1095 3506 1194 3564 Deum
1215 3503 1288 3563 dicit
1309 3505 1457 3581 Verbum,
1555 3529 1556 3532 ¹

201 3613 208 3626 ⁶
242 3602 324 3677 dicit,
340 3604 394 3664 sed
407 3605 534 3666 sormam
547 3604 623 3666 serui
642 3617 819 3682 susceptam.
869 3603 923 3663 sed
937 3603 1127 3680 adsumptam
1142 3602 1220 3663 serui
1233 3604 1370 3663 sormam.
1399 3624 1459 3666 nec
1555 3623 1556 3680 j

242 3702 402 3762 nonenim
424 3706 508 3764 Deus
524 3714 570 3765 est
587 3706 738 3764 secundum
761 3723 823 3764 car·
871 3699 952 3762 enim
972 3702 1056 3762 Deus
1077 3703 1227 3761 secundum
1249 3719 1374 3776 cantem,
1396 3722 1458 3764 nec
1555 3715 1556 3764 i

242 3822 315 3876 nem,
343 3821 400 3862 nec
425 3804 509 3862 Deus
528 3823 565 3862 cx
584 3804 689 3862 semine
714 3803 826 3862 Dauid
871 3801 955 3860 Deus
964 3820 1000 3859 ex
1009 3801 1114 3859 semine
1115 3800 1217 3876 factus
1225 3801 1390 3874 estDauia',
1401 3803 1460 3863 sed
1555 3795 1556 3832 l

189 3901 335 3979 35me
364 3908 414 3974 est,
448 3920 538 3978 quem
568 3900 686 3960 ‘filium’
714 3902 822 3962 beatus
871 3910 1008 3977 sumptus
1035 3919 1092 3977 pro
1119 3899 1207 3960 nobis
1235 3900 1339 3972 homo,
1363 3919 1460 3978 quem
1555 3907 1556 3962 ἐ

191 4065 203 4094 ¹„
243 4001 352 4061 Paulus
365 3997 519 4061 euidenter
532 4000 671 4078 adpellat.
850 3996 964 4094 «filium
988 3997 1093 4058 beatus
1115 3999 1271 4075 apostolus
1296 3996 1460 4061 manifeste
1555 3983 1556 4026 3

198 4098 201 4100 ⁵
870 4106 968 4156 uocat

244 4189 247 4196 ’
289 4194 789 4261 asedunacarolaflsuntduoladdb
921 4195 1117 4260 smultaomg
1240 4195 1466 4266 ropraebenusg
1555 4243 1556 4248 ,

242 4297 271 4336 ar
288 4280 325 4331 illi
342 4279 400 4347 (for
409 4278 442 4344 ei)
455 4278 470 4328 b
624 4295 655 4339 ²4
672 4278 792 4344 probatur
802 4276 858 4342 (sor
867 4275 962 4342 uoc.)g
1112 4275 1143 4328 26
1154 4283 1180 4327 et
1191 4274 1247 4342 (τ’.)
1259 4293 1303 4327 om
1314 4279 1329 4327 h
1344 4276 1349 4345 Ι
1362 4287 1391 4330 et
1400 4279 1461 4346 (3⁰.)
1554 4353 1556 4362 .

240 4379 309 4429 cmg
405 4375 434 4424 31
447 4362 560 4413 nondum
570 4361 636 4412 codd
1555 4391 1556 4426 ;

290 4443 305 4471 ⁵
323 4445 349 4496 S.
364 4444 439 4494 Mate
452 4443 503 4494 xix.
514 4443 537 4494 6.
595 4443 613 4499 †
628 4444 707 4509 [Dan.
722 4443 764 4493 vii.
777 4459 792 4509 3
803 4441 850 4510 sp]
902 4443 920 4504 ss
937 4443 965 4493 S.
973 4442 1041 4510 John
1052 4441 1104 4492 viii.
1116 4453 1155 4508 ¹7·
1204 4442 1218 4503 5
1236 4442 1265 4493 S·
1277 4442 1404 4495 Matbvi.
1417 4460 1460 4512 η.
1555 4437 1556 4450 ³

241 4528 252 4584 ΙΙ
270 4523 346 4573 Rom.
359 4523 377 4572 i.
390 4537 414 4590 3.
597 4544 599 4547 >
906 4547 910 4554 ·
1555 4527 1556 4550 r
