<?xml version="1.0" encoding="UTF-8"?>
<!DOCTYPE html PUBLIC "-//W3C//DTD XHTML 1.0 Transitional//EN"
    "http://www.w3.org/TR/xhtml1/DTD/xhtml1-transitional.dtd">
<html xmlns="http://www.w3.org/1999/xhtml" xml:lang="en" lang="en">
 <head>
  <title>
</title>
<meta http-equiv="Content-Type" content="text/html;charset=utf-8" />
  <meta name='ocr-system' content='tesseract 3.04.00' />
  <meta name='ocr-capabilities' content='ocr_page ocr_carea ocr_par ocr_line ocrx_word'/>
</head>
<body>
  <div class='ocr_page' id='page_1' title='image "./theodoriepiscop00swetgoog_0241.png"; bbox 0 0 3142 5100; ppageno 0'>
   <div class='ocr_carea' id='block_1_1' title="bbox 94 396 1295 480">
    <p class='ocr_par' dir='ltr' id='par_1_1' title="bbox 94 396 1295 480">
     <span class='ocr_line' id='line_1_1' title="bbox 94 396 1295 480; baseline 0.003 -21"><span class='ocrx_word' id='word_1_1' title='bbox 94 396 303 480; x_wconf 85' lang='lat'>111.10,11·.]</span> <span class='ocrx_word' id='word_1_2' title='bbox 417 424 421 428; x_wconf 93' lang='lat'>·</span> <span class='ocrx_word' id='word_1_3' title='bbox 448 409 489 459; x_wconf 82' lang='lat' dir='ltr'>ru</span> <span class='ocrx_word' id='word_1_4' title='bbox 514 410 567 460; x_wconf 76' lang='grc' dir='ltr'>κν.</span> <span class='ocrx_word' id='word_1_5' title='bbox 590 411 642 460; x_wconf 80' lang='grc' dir='ltr'>ω)</span> <span class='ocrx_word' id='word_1_6' title='bbox 664 409 898 462; x_wconf 78' lang='lat' dir='ltr'>rmornnun</span> <span class='ocrx_word' id='word_1_7' title='bbox 922 410 961 461; x_wconf 91' lang='lat'>11.</span> <span class='ocrx_word' id='word_1_8' title='bbox 1231 415 1295 479; x_wconf 89' lang='lat'>2-19</span> 
     </span>
    </p>
   </div>
   <div class='ocr_carea' id='block_1_2' title="bbox 91 588 1354 1789">
    <p class='ocr_par' dir='ltr' id='par_1_2' title="bbox 91 588 1354 1789">
     <span class='ocr_line' id='line_1_2' title="bbox 92 588 1297 672; baseline 0.001 -22"><span class='ocrx_word' id='word_1_9' title='bbox 92 608 129 650; x_wconf 94' lang='lat' dir='ltr'>eo</span> <span class='ocrx_word' id='word_1_10' title='bbox 157 590 247 670; x_wconf 91' lang='lat' dir='ltr'>quod</span> <span class='ocrx_word' id='word_1_11' title='bbox 280 594 462 672; x_wconf 87' lang='lat' dir='ltr'>numquam</span> <span class='ocrx_word' id='word_1_12' title='bbox 492 592 639 672; x_wconf 82' lang='lat' dir='ltr'>poterint</span> <span class='ocrx_word' id='word_1_13' title='bbox 671 588 812 652; x_wconf 80' lang='lat' dir='ltr'>deficere</span> <span class='ocrx_word' id='word_1_14' title='bbox 841 589 875 652; x_wconf 91' lang='lat' dir='ltr'>hi</span> <span class='ocrx_word' id='word_1_15' title='bbox 906 590 963 671; x_wconf 90' lang='lat' dir='ltr'>qui</span> <span class='ocrx_word' id='word_1_16' title='bbox 994 588 1175 652; x_wconf 88' lang='lat' dir='ltr'>secundum</span> <span class='ocrx_word' id='word_1_17' title='bbox 1206 589 1297 652; x_wconf 88' lang='lat' dir='ltr'>dicta</span> 
     </span>
     <span class='ocr_line' id='line_1_3' title="bbox 92 691 1298 775; baseline 0.003 -23"><span class='ocrx_word' id='word_1_18' title='bbox 92 710 199 753; x_wconf 86' lang='lat' dir='ltr'>eorum</span> <span class='ocrx_word' id='word_1_19' title='bbox 230 691 365 755; x_wconf 83' lang='lat' dir='ltr'>iaciunt.</span> <span class='ocrx_word' id='word_1_20' title='bbox 410 692 512 755; x_wconf 91' lang='lat' dir='ltr'>adicit</span> <span class='ocrx_word' id='word_1_21' title='bbox 541 692 686 775; x_wconf 88' lang='lat' dir='ltr'>denique</span> <span class='ocrx_word' id='word_1_22' title='bbox 718 694 852 757; x_wconf 89' lang='lat' dir='ltr'>dicens:</span> <span class='ocrx_word' id='word_1_23' title='bbox 889 701 921 755; x_wconf 82' lang='lat' dir='ltr'>et</span> <span class='ocrx_word' id='word_1_24' title='bbox 947 712 1050 754; x_wconf 79' lang='lat' dir='ltr'>sermo</span> <span class='ocrx_word' id='word_1_25' title='bbox 1078 712 1187 755; x_wconf 78' lang='lat' dir='ltr'>canna</span> <span class='ocrx_word' id='word_1_26' title='bbox 1214 693 1298 756; x_wconf 74' lang='grc' dir='ltr'>οἰιιιι</span> 
     </span>
     <span class='ocr_line' id='line_1_4' title="bbox 91 794 1297 880; baseline 0.006 -26"><span class='ocrx_word' id='word_1_27' title='bbox 91 813 195 855; x_wconf 81' lang='lat' dir='ltr'><em>cancer</em></span> <span class='ocrx_word' id='word_1_28' title='bbox 211 794 319 876; x_wconf 80' lang='lat' dir='ltr'><em>serpit.</em></span> <span class='ocrx_word' id='word_1_29' title='bbox 363 795 426 859; x_wconf 92' lang='lat' dir='ltr'>hoc</span> <span class='ocrx_word' id='word_1_30' title='bbox 448 817 527 861; x_wconf 85' lang='lat' dir='ltr'>uero</span> <span class='ocrx_word' id='word_1_31' title='bbox 548 796 581 859; x_wconf 90' lang='lat' dir='ltr'>in</span> <span class='ocrx_word' id='word_1_32' title='bbox 601 796 675 860; x_wconf 88' lang='lat' dir='ltr'>ioco</span> <span class='ocrx_word' id='word_1_33' title='bbox 698 798 788 880; x_wconf 89' lang='lat' dir='ltr'>apud</span> <span class='ocrx_word' id='word_1_34' title='bbox 813 817 870 860; x_wconf 92' lang='lat' dir='ltr'>eos</span> <span class='ocrx_word' id='word_1_35' title='bbox 889 796 946 878; x_wconf 92' lang='lat' dir='ltr'>qui</span> <span class='ocrx_word' id='word_1_36' title='bbox 968 795 1110 877; x_wconf 87' lang='lat' dir='ltr'>probare</span> <span class='ocrx_word' id='word_1_37' title='bbox 1129 796 1297 861; x_wconf 86' lang='lat' dir='ltr'>sufficiunt</span> 
     </span>
     <span class='ocr_line' id='line_1_5' title="bbox 92 896 1298 984; baseline 0.006 -28"><span class='ocrx_word' id='word_1_38' title='bbox 92 896 259 959; x_wconf 89' lang='lat' dir='ltr'>ueritatem</span> <span class='ocrx_word' id='word_1_39' title='bbox 283 898 372 961; x_wconf 85' lang='lat' dir='ltr'>dixit</span> <span class='ocrx_word' id='word_1_40' title='bbox 396 918 462 962; x_wconf 88' lang='lat' dir='ltr'>non</span> <span class='ocrx_word' id='word_1_41' title='bbox 488 900 646 982; x_wconf 87' lang='lat' dir='ltr'>proficere</span> <span class='ocrx_word' id='word_1_42' title='bbox 670 922 736 978; x_wconf 92' lang='lat' dir='ltr'>eos,</span> <span class='ocrx_word' id='word_1_43' title='bbox 762 901 842 984; x_wconf 90' lang='lat' dir='ltr'>quia</span> <span class='ocrx_word' id='word_1_44' title='bbox 866 901 900 964; x_wconf 92' lang='lat' dir='ltr'>in</span> <span class='ocrx_word' id='word_1_45' title='bbox 922 902 1084 983; x_wconf 89' lang='lat' dir='ltr'>principio</span> <span class='ocrx_word' id='word_1_46' title='bbox 1108 899 1298 983; x_wconf 85' lang='lat' dir='ltr'>frequenter</span> 
     </span>
     <span class='ocr_line' id='line_1_6' title="bbox 94 997 1351 1085; baseline 0.007 -26"><span class='ocrx_word' id='word_1_47' title='bbox 94 998 181 1060; x_wconf 87' lang='lat' dir='ltr'>multi</span> <span class='ocrx_word' id='word_1_48' title='bbox 196 997 352 1062; x_wconf 89' lang='lat' dir='ltr'>homines</span> <span class='ocrx_word' id='word_1_49' title='bbox 367 1000 410 1062; x_wconf 93' lang='lat' dir='ltr'>de</span> <span class='ocrx_word' id='word_1_50' title='bbox 427 1001 490 1064; x_wconf 91' lang='lat' dir='ltr'>illis</span> <span class='ocrx_word' id='word_1_51' title='bbox 512 1002 698 1064; x_wconf 86' lang='lat' dir='ltr'>nescientes</span> <span class='ocrx_word' id='word_1_52' title='bbox 719 1004 831 1085; x_wconf 91' lang='lat' dir='ltr'>specie</span> <span class='ocrx_word' id='word_1_53' title='bbox 852 1024 966 1067; x_wconf 89' lang='lat' dir='ltr'>eorum</span> <span class='ocrx_word' id='word_1_54' title='bbox 983 1024 1022 1067; x_wconf 91' lang='lat' dir='ltr'>ac</span> <span class='ocrx_word' id='word_1_55' title='bbox 1038 1003 1209 1068; x_wconf 87' lang='lat' dir='ltr'>schemate</span> <span class='ocrx_word' id='word_1_56' title='bbox 1224 1005 1296 1069; x_wconf 84' lang='lat' dir='ltr'>solo</span> <span class='ocrx_word' id='word_1_57' title='bbox 1335 1015 1351 1081; x_wconf 87' lang='grc'><strong>5</strong></span> 
     </span>
     <span class='ocr_line' id='line_1_7' title="bbox 93 1100 1295 1189; baseline 0.009 -29"><span class='ocrx_word' id='word_1_58' title='bbox 93 1100 281 1178; x_wconf 86' lang='lat' dir='ltr'>inescantur,</span> <span class='ocrx_word' id='word_1_59' title='bbox 309 1104 367 1184; x_wconf 89' lang='lat' dir='ltr'>qui</span> <span class='ocrx_word' id='word_1_60' title='bbox 395 1110 546 1184; x_wconf 84' lang='lat' dir='ltr'>ternpore</span> <span class='ocrx_word' id='word_1_61' title='bbox 570 1105 713 1166; x_wconf 90' lang='lat' dir='ltr'>currenti</span> <span class='ocrx_word' id='word_1_62' title='bbox 740 1108 926 1169; x_wconf 88' lang='lat' dir='ltr'>necessario</span> <span class='ocrx_word' id='word_1_63' title='bbox 952 1107 1150 1189; x_wconf 86' lang='lat' dir='ltr'>dogmatum</span> <span class='ocrx_word' id='word_1_64' title='bbox 1181 1128 1295 1172; x_wconf 90' lang='lat' dir='ltr'>eorum</span> 
     </span>
     <span class='ocr_line' id='line_1_8' title="bbox 91 1205 1296 1294; baseline 0.007 -29"><span class='ocrx_word' id='word_1_65' title='bbox 91 1205 335 1270; x_wconf 88' lang='lat' dir='ltr'>subuersionern</span> <span class='ocrx_word' id='word_1_66' title='bbox 352 1218 590 1289; x_wconf 86' lang='lat' dir='ltr'>cognoscentes</span> <span class='ocrx_word' id='word_1_67' title='bbox 605 1207 729 1271; x_wconf 90' lang='lat' dir='ltr'>habere</span> <span class='ocrx_word' id='word_1_68' title='bbox 745 1209 789 1271; x_wconf 94' lang='lat' dir='ltr'>ab</span> <span class='ocrx_word' id='word_1_69' title='bbox 804 1211 856 1274; x_wconf 92' lang='lat' dir='ltr'>his</span> <span class='ocrx_word' id='word_1_70' title='bbox 878 1210 1066 1293; x_wconf 77' lang='lat' dir='ltr'>poterunt*</span> <span class='ocrx_word' id='word_1_71' title='bbox 1111 1213 1200 1294; x_wconf 93' lang='lat' dir='ltr'>quod</span> <span class='ocrx_word' id='word_1_72' title='bbox 1217 1231 1296 1293; x_wconf 82' lang='lat' dir='ltr'>ergo</span> 
     </span>
     <span class='ocr_line' id='line_1_9' title="bbox 93 1308 1296 1397; baseline 0.007 -28"><span class='ocrx_word' id='word_1_73' title='bbox 93 1308 173 1371; x_wconf 86' lang='lat' dir='ltr'>dixit</span> <span class='ocrx_word' id='word_1_74' title='bbox 193 1332 255 1372; x_wconf 87' lang='lat' dir='ltr'>non</span> <span class='ocrx_word' id='word_1_75' title='bbox 264 1313 444 1395; x_wconf 67' lang='lat' dir='ltr'>preficznnt,</span> <span class='ocrx_word' id='word_1_76' title='bbox 460 1314 645 1377; x_wconf 90' lang='lat' dir='ltr'>secundum</span> <span class='ocrx_word' id='word_1_77' title='bbox 663 1312 744 1376; x_wconf 91' lang='lat' dir='ltr'>illud</span> <span class='ocrx_word' id='word_1_78' title='bbox 759 1313 849 1377; x_wconf 87' lang='lat' dir='ltr'>dixit</span> <span class='ocrx_word' id='word_1_79' title='bbox 865 1314 955 1396; x_wconf 91' lang='lat' dir='ltr'>quod</span> <span class='ocrx_word' id='word_1_80' title='bbox 980 1314 1085 1378; x_wconf 84' lang='lat' dir='ltr'>latere</span> <span class='ocrx_word' id='word_1_81' title='bbox 1106 1317 1236 1397; x_wconf 86' lang='lat' dir='ltr'>possint</span> <span class='ocrx_word' id='word_1_82' title='bbox 1252 1314 1296 1377; x_wconf 93' lang='lat' dir='ltr'>ad</span> 
     </span>
     <span class='ocr_line' id='line_1_10' title="bbox 93 1414 1296 1500; baseline 0.006 -28"><span class='ocrx_word' id='word_1_83' title='bbox 93 1419 236 1492; x_wconf 89' lang='lat' dir='ltr'>tempus;</span> <span class='ocrx_word' id='word_1_84' title='bbox 260 1414 352 1477; x_wconf 91' lang='lat' dir='ltr'>unde</span> <span class='ocrx_word' id='word_1_85' title='bbox 374 1425 408 1479; x_wconf 93' lang='lat' dir='ltr'>et</span> <span class='ocrx_word' id='word_1_86' title='bbox 429 1416 570 1479; x_wconf 90' lang='lat' dir='ltr'>adiecit:</span> <span class='ocrx_word' id='word_1_87' title='bbox 594 1415 780 1497; x_wconf 64' lang='lat' dir='ltr'>insipientia</span> <span class='ocrx_word' id='word_1_88' title='bbox 802 1417 889 1479; x_wconf 78' lang='lat' dir='ltr'>enirn</span> <span class='ocrx_word' id='word_1_89' title='bbox 910 1438 1019 1481; x_wconf 81' lang='lat' dir='ltr'>aarum</span> <span class='ocrx_word' id='word_1_90' title='bbox 1035 1419 1212 1500; x_wconf 80' lang='lat' dir='ltr'>manifesta</span> <span class='ocrx_word' id='word_1_91' title='bbox 1226 1417 1296 1480; x_wconf 81' lang='lat' dir='ltr'>erit.</span> 
     </span>
     <span class='ocr_line' id='line_1_11' title="bbox 92 1516 1354 1599; baseline 0.009 -24"><span class='ocrx_word' id='word_1_92' title='bbox 92 1533 145 1593; x_wconf 87' lang='lat' dir='ltr'>per</span> <span class='ocrx_word' id='word_1_93' title='bbox 169 1516 282 1579; x_wconf 86' lang='lat' dir='ltr'>omnia</span> <span class='ocrx_word' id='word_1_94' title='bbox 306 1537 386 1599; x_wconf 86' lang='lat' dir='ltr'>ergo</span> <span class='ocrx_word' id='word_1_95' title='bbox 414 1518 478 1581; x_wconf 82' lang='lat' dir='ltr'>ista</span> <span class='ocrx_word' id='word_1_96' title='bbox 503 1517 693 1581; x_wconf 89' lang='lat' dir='ltr'>consolatus</span> <span class='ocrx_word' id='word_1_97' title='bbox 721 1529 772 1582; x_wconf 90' lang='lat' dir='ltr'>est</span> <span class='ocrx_word' id='word_1_98' title='bbox 799 1518 1016 1583; x_wconf 89' lang='lat' dir='ltr'>Timotheum</span> <span class='ocrx_word' id='word_1_99' title='bbox 1036 1529 1074 1584; x_wconf 89' lang='lat' dir='ltr'>ut</span> <span class='ocrx_word' id='word_1_100' title='bbox 1098 1541 1140 1584; x_wconf 90' lang='lat' dir='ltr'>ne</span> <span class='ocrx_word' id='word_1_101' title='bbox 1156 1522 1295 1585; x_wconf 90' lang='lat' dir='ltr'>nimium</span> <span class='ocrx_word' id='word_1_102' title='bbox 1315 1539 1354 1586; x_wconf 93' lang='lat'>10</span> 
     </span>
     <span class='ocr_line' id='line_1_12' title="bbox 93 1617 1293 1707; baseline 0.009 -29"><span class='ocrx_word' id='word_1_103' title='bbox 93 1617 299 1701; x_wconf 84' lang='lat' dir='ltr'>adfligeretur</span> <span class='ocrx_word' id='word_1_104' title='bbox 314 1641 376 1703; x_wconf 93' lang='lat' dir='ltr'>pro</span> <span class='ocrx_word' id='word_1_105' title='bbox 392 1620 457 1684; x_wconf 90' lang='lat' dir='ltr'>illis</span> <span class='ocrx_word' id='word_1_106' title='bbox 472 1621 527 1705; x_wconf 90' lang='lat' dir='ltr'>qui</span> <span class='ocrx_word' id='word_1_107' title='bbox 545 1621 578 1684; x_wconf 92' lang='lat' dir='ltr'>in</span> <span class='ocrx_word' id='word_1_108' title='bbox 601 1621 748 1686; x_wconf 88' lang='lat' dir='ltr'>deterius</span> <span class='ocrx_word' id='word_1_109' title='bbox 766 1634 911 1707; x_wconf 81' lang='lat' dir='ltr'>serpunt</span> <span class='ocrx_word' id='word_1_110' title='bbox 957 1625 1025 1688; x_wconf 89' lang='lat' dir='ltr'>suis</span> <span class='ocrx_word' id='word_1_111' title='bbox 1046 1644 1126 1688; x_wconf 91' lang='lat' dir='ltr'>uero</span> <span class='ocrx_word' id='word_1_112' title='bbox 1147 1625 1293 1689; x_wconf 89' lang='lat' dir='ltr'>consiliis</span> 
     </span>
     <span class='ocr_line' id='line_1_13' title="bbox 94 1719 556 1789; baseline 0.015 -7"><span class='ocrx_word' id='word_1_113' title='bbox 94 1719 205 1786; x_wconf 88' lang='lat' dir='ltr'>incitat</span> <span class='ocrx_word' id='word_1_114' title='bbox 221 1745 299 1787; x_wconf 89' lang='lat' dir='ltr'>eum</span> <span class='ocrx_word' id='word_1_115' title='bbox 317 1725 454 1789; x_wconf 87' lang='lat' dir='ltr'>dicens:</span> <span class='ocrx_word' id='word_1_116' title='bbox 553 1725 556 1728; x_wconf 80' lang='grc'><strong>’</strong></span> 
     </span>
    </p>
   </div>
   <div class='ocr_carea' id='block_1_3' title="bbox 88 1875 1350 2181">
    <p class='ocr_par' dir='ltr' id='par_1_3' title="bbox 88 1875 1350 2181">
     <span class='ocr_line' id='line_1_14' title="bbox 152 1875 1295 1957; baseline 0.004 -19"><span class='ocrx_word' id='word_1_117' title='bbox 152 1887 185 1939; x_wconf 84' lang='lat' dir='ltr'>tu</span> <span class='ocrx_word' id='word_1_118' title='bbox 214 1886 326 1941; x_wconf 78' lang='lat' dir='ltr'>aratam</span> <span class='ocrx_word' id='word_1_119' title='bbox 355 1877 537 1941; x_wconf 78' lang='lat' dir='ltr'>subsecutus</span> <span class='ocrx_word' id='word_1_120' title='bbox 565 1897 598 1940; x_wconf 80' lang='lat' dir='ltr'>es</span> <span class='ocrx_word' id='word_1_121' title='bbox 624 1897 728 1940; x_wconf 83' lang='lat' dir='ltr'>meam</span> <span class='ocrx_word' id='word_1_122' title='bbox 754 1875 944 1953; x_wconf 80' lang='lat' dir='ltr'>doctrinam,</span> <span class='ocrx_word' id='word_1_123' title='bbox 970 1896 1076 1940; x_wconf 82' lang='lat' dir='ltr'>oneum</span> <span class='ocrx_word' id='word_1_124' title='bbox 1101 1878 1295 1957; x_wconf 80' lang='lat' dir='ltr'>institutam,</span> 
     </span>
     <span class='ocr_line' id='line_1_15' title="bbox 88 1980 1296 2066; baseline 0.003 -23"><span class='ocrx_word' id='word_1_125' title='bbox 88 1981 285 2064; x_wconf 77' lang='lat' dir='ltr'>propositum,</span> <span class='ocrx_word' id='word_1_126' title='bbox 296 1982 411 2066; x_wconf 84' lang='lat' dir='ltr'>fidam,</span> <span class='ocrx_word' id='word_1_127' title='bbox 430 1982 719 2066; x_wconf 80' lang='lat' dir='ltr'>longanimitatem,</span> <span class='ocrx_word' id='word_1_128' title='bbox 738 1981 918 2059; x_wconf 78' lang='lat' dir='ltr'>caritatem,</span> <span class='ocrx_word' id='word_1_129' title='bbox 932 1980 1140 2063; x_wconf 75' lang='lat' dir='ltr'>pannariam,</span> <span class='ocrx_word' id='word_1_130' title='bbox 1153 1994 1296 2064; x_wconf 80' lang='lat' dir='ltr'>perseca-</span> 
     </span>
     <span class='ocr_line' id='line_1_16' title="bbox 94 2086 1350 2181; baseline 0.004 -35"><span class='ocrx_word' id='word_1_131' title='bbox 94 2086 190 2164; x_wconf 78' lang='lat' dir='ltr'>ttones,</span> <span class='ocrx_word' id='word_1_132' title='bbox 199 2089 376 2170; x_wconf 79' lang='lat' dir='ltr'>passiones.</span> <span class='ocrx_word' id='word_1_133' title='bbox 687 2127 693 2136; x_wconf 74' lang='lat'><strong>.</strong></span> <span class='ocrx_word' id='word_1_134' title='bbox 1316 2115 1350 2181; x_wconf 78' lang='lat'>15</span> 
     </span>
    </p>
   </div>
   <div class='ocr_carea' id='block_1_4' title="bbox 93 2203 1296 2499">
    <p class='ocr_par' dir='ltr' id='par_1_4' title="bbox 93 2203 1296 2499">
     <span class='ocr_line' id='line_1_17' title="bbox 152 2203 1296 2293; baseline -0.002 -20"><span class='ocrx_word' id='word_1_135' title='bbox 152 2214 301 2293; x_wconf 84' lang='lat' dir='ltr'>‘semper</span> <span class='ocrx_word' id='word_1_136' title='bbox 328 2207 460 2292; x_wconf 88' lang='lat' dir='ltr'>(inquit)</span> <span class='ocrx_word' id='word_1_137' title='bbox 487 2229 617 2272; x_wconf 90' lang='lat' dir='ltr'>mecum</span> <span class='ocrx_word' id='word_1_138' title='bbox 643 2226 855 2271; x_wconf 88' lang='lat' dir='ltr'>commorans</span> <span class='ocrx_word' id='word_1_139' title='bbox 879 2205 998 2269; x_wconf 90' lang='lat' dir='ltr'>horum</span> <span class='ocrx_word' id='word_1_140' title='bbox 1028 2203 1296 2288; x_wconf 88' lang='lat' dir='ltr'>experimentum</span> 
     </span>
     <span class='ocr_line' id='line_1_18' title="bbox 94 2310 1295 2396; baseline -0.001 -22"><span class='ocrx_word' id='word_1_141' title='bbox 94 2313 248 2395; x_wconf 86' lang='lat' dir='ltr'>accepisti,</span> <span class='ocrx_word' id='word_1_142' title='bbox 264 2316 390 2378; x_wconf 88' lang='lat' dir='ltr'>docens</span> <span class='ocrx_word' id='word_1_143' title='bbox 411 2313 522 2396; x_wconf 88' lang='lat' dir='ltr'>qualia</span> <span class='ocrx_word' id='word_1_144' title='bbox 543 2313 679 2395; x_wconf 89' lang='lat' dir='ltr'>quidem</span> <span class='ocrx_word' id='word_1_145' title='bbox 707 2312 778 2394; x_wconf 88' lang='lat' dir='ltr'>ipse</span> <span class='ocrx_word' id='word_1_146' title='bbox 802 2310 884 2374; x_wconf 90' lang='lat' dir='ltr'>alios</span> <span class='ocrx_word' id='word_1_147' title='bbox 902 2310 1023 2375; x_wconf 91' lang='lat' dir='ltr'>docere</span> <span class='ocrx_word' id='word_1_148' title='bbox 1049 2328 1295 2383; x_wconf 88' lang='lat' dir='ltr'>consueueram‚</span> 
     </span>
     <span class='ocr_line' id='line_1_19' title="bbox 93 2411 1296 2499; baseline -0.002 -21"><span class='ocrx_word' id='word_1_149' title='bbox 93 2418 371 2496; x_wconf 86' lang='lat' dir='ltr'>quemadmodum</span> <span class='ocrx_word' id='word_1_150' title='bbox 399 2439 478 2482; x_wconf 89' lang='lat' dir='ltr'>uero</span> <span class='ocrx_word' id='word_1_151' title='bbox 506 2419 671 2499; x_wconf 88' lang='lat' dir='ltr'>meipsum</span> <span class='ocrx_word' id='word_1_152' title='bbox 703 2415 940 2491; x_wconf 90' lang='lat' dir='ltr'>instituebam;</span> <span class='ocrx_word' id='word_1_153' title='bbox 979 2411 1032 2476; x_wconf 87' lang='lat' dir='ltr'>uei</span> <span class='ocrx_word' id='word_1_154' title='bbox 1055 2414 1134 2495; x_wconf 86' lang='lat' dir='ltr'>quia</span> <span class='ocrx_word' id='word_1_155' title='bbox 1158 2412 1214 2476; x_wconf 89' lang='lat' dir='ltr'>illa</span> <span class='ocrx_word' id='word_1_156' title='bbox 1236 2434 1296 2495; x_wconf 89' lang='lat' dir='ltr'>per</span> 
     </span>
    </p>
   </div>
   <div class='ocr_carea' id='block_1_5' title="bbox 27 2516 1352 2814">
    <p class='ocr_par' dir='ltr' id='par_1_5' title="bbox 27 2516 1352 2814">
     <span class='ocr_line' id='line_1_20' title="bbox 27 2516 1294 2604; baseline 0.002 -25"><span class='ocrx_word' id='word_1_157' title='bbox 27 2538 28 2541; x_wconf 44' lang='lat'>¹</span> <span class='ocrx_word' id='word_1_158' title='bbox 93 2519 233 2602; x_wconf 85' lang='lat' dir='ltr'>singulos</span> <span class='ocrx_word' id='word_1_159' title='bbox 273 2521 345 2584; x_wconf 90' lang='lat' dir='ltr'>dies</span> <span class='ocrx_word' id='word_1_160' title='bbox 375 2541 473 2603; x_wconf 86' lang='lat' dir='ltr'>agere</span> <span class='ocrx_word' id='word_1_161' title='bbox 502 2520 723 2604; x_wconf 87' lang='lat' dir='ltr'>properabam</span> <span class='ocrx_word' id='word_1_162' title='bbox 756 2538 836 2601; x_wconf 83' lang='lat' dir='ltr'>erga</span> <span class='ocrx_word' id='word_1_163' title='bbox 865 2517 975 2594; x_wconf 89' lang='lat' dir='ltr'>fidem,</span> <span class='ocrx_word' id='word_1_164' title='bbox 1006 2516 1294 2600; x_wconf 86' lang='lat' dir='ltr'>quemadmodum</span> 
     </span>
     <span class='ocr_line' id='line_1_21' title="bbox 27 2622 1352 2708; baseline 0.002 -25"><span class='ocrx_word' id='word_1_165' title='bbox 27 2703 28 2706; x_wconf 8' lang='grc' dir='ltr'><strong>Ἴ</strong></span> <span class='ocrx_word' id='word_1_166' title='bbox 94 2622 125 2685; x_wconf 90' lang='lat' dir='ltr'>in</span> <span class='ocrx_word' id='word_1_167' title='bbox 152 2626 287 2688; x_wconf 83' lang='lat' dir='ltr'>casine</span> <span class='ocrx_word' id='word_1_168' title='bbox 315 2624 385 2690; x_wconf 89' lang='lat' dir='ltr'>ulla</span> <span class='ocrx_word' id='word_1_169' title='bbox 414 2626 633 2708; x_wconf 86' lang='lat' dir='ltr'>persistebam</span> <span class='ocrx_word' id='word_1_170' title='bbox 664 2623 801 2698; x_wconf 90' lang='lat' dir='ltr'>malitia,</span> <span class='ocrx_word' id='word_1_171' title='bbox 832 2632 867 2686; x_wconf 92' lang='lat' dir='ltr'>et</span> <span class='ocrx_word' id='word_1_172' title='bbox 903 2622 1046 2705; x_wconf 83' lang='lat' dir='ltr'>diligens</span> <span class='ocrx_word' id='word_1_173' title='bbox 1084 2631 1223 2686; x_wconf 88' lang='lat' dir='ltr'>cunctos</span> <span class='ocrx_word' id='word_1_174' title='bbox 1260 2631 1295 2687; x_wconf 90' lang='lat' dir='ltr'>et</span> <span class='ocrx_word' id='word_1_175' title='bbox 1310 2638 1352 2686; x_wconf 84' lang='lat'>20</span> 
     </span>
     <span class='ocr_line' id='line_1_22' title="bbox 27 2726 1293 2814; baseline 0.002 -25"><span class='ocrx_word' id='word_1_176' title='bbox 27 2763 29 2774; x_wconf 35' lang='grc' dir='ltr'><em>τ</em></span> <span class='ocrx_word' id='word_1_177' title='bbox 93 2729 271 2809; x_wconf 88' lang='lat' dir='ltr'>sustinens;</span> <span class='ocrx_word' id='word_1_178' title='bbox 301 2739 335 2794; x_wconf 91' lang='lat' dir='ltr'>et</span> <span class='ocrx_word' id='word_1_179' title='bbox 357 2731 447 2814; x_wconf 90' lang='lat' dir='ltr'>quod</span> <span class='ocrx_word' id='word_1_180' title='bbox 470 2752 546 2795; x_wconf 89' lang='lat' dir='ltr'>cum</span> <span class='ocrx_word' id='word_1_181' title='bbox 570 2730 677 2794; x_wconf 86' lang='lat' dir='ltr'>multa</span> <span class='ocrx_word' id='word_1_182' title='bbox 699 2728 924 2793; x_wconf 89' lang='lat' dir='ltr'>oblectatione</span> <span class='ocrx_word' id='word_1_183' title='bbox 950 2728 1196 2810; x_wconf 85' lang='lat' dir='ltr'>persecutiones</span> <span class='ocrx_word' id='word_1_184' title='bbox 1221 2726 1293 2791; x_wconf 86' lang='lat' dir='ltr'>illas</span> 
     </span>
    </p>
   </div>
   <div class='ocr_carea' id='block_1_6' title="bbox 93 2832 1292 2914">
    <p class='ocr_par' dir='ltr' id='par_1_6' title="bbox 93 2832 1292 2914">
     <span class='ocr_line' id='line_1_23' title="bbox 93 2832 1292 2914; baseline 0.002 -23"><span class='ocrx_word' id='word_1_185' title='bbox 93 2849 167 2910; x_wconf 85' lang='lat' dir='ltr'>quas</span> <span class='ocrx_word' id='word_1_186' title='bbox 182 2835 265 2897; x_wconf 92' lang='lat' dir='ltr'>mihi</span> <span class='ocrx_word' id='word_1_187' title='bbox 280 2836 459 2899; x_wconf 87' lang='lat' dir='ltr'>aduersarii</span> <span class='ocrx_word' id='word_1_188' title='bbox 476 2835 662 2899; x_wconf 86' lang='lat' dir='ltr'>inserebant</span> <span class='ocrx_word' id='word_1_189' title='bbox 678 2834 902 2897; x_wconf 86' lang='lat' dir='ltr'>sustinuerim.</span> <span class='ocrx_word' id='word_1_190' title='bbox 947 2832 1030 2895; x_wconf 93' lang='lat' dir='ltr'>haec</span> <span class='ocrx_word' id='word_1_191' title='bbox 1051 2853 1130 2914; x_wconf 82' lang='lat' dir='ltr'>ergo</span> <span class='ocrx_word' id='word_1_192' title='bbox 1150 2833 1292 2909; x_wconf 86' lang='lat' dir='ltr'>imitare,</span> 
     </span>
    </p>
   </div>
   <div class='ocr_carea' id='block_1_7' title="bbox 27 2923 1347 3220">
    <p class='ocr_par' dir='ltr' id='par_1_7' title="bbox 27 2923 1347 3220">
     <span class='ocr_line' id='line_1_24' title="bbox 27 2923 1294 3020; baseline -0.002 -21"><span class='ocrx_word' id='word_1_193' title='bbox 27 2923 29 2932; x_wconf 49' lang='lat'><em>&#39;</em></span> <span class='ocrx_word' id='word_1_194' title='bbox 92 2945 123 2999; x_wconf 88' lang='lat' dir='ltr'>et</span> <span class='ocrx_word' id='word_1_195' title='bbox 137 2958 212 3020; x_wconf 84' lang='lat' dir='ltr'>erga</span> <span class='ocrx_word' id='word_1_196' title='bbox 228 2940 293 3001; x_wconf 90' lang='lat' dir='ltr'>ista</span> <span class='ocrx_word' id='word_1_197' title='bbox 307 2937 564 3002; x_wconf 90' lang='lat' dir='ltr'>sollicitudinem</span> <span class='ocrx_word' id='word_1_198' title='bbox 581 2938 745 3020; x_wconf 87' lang='lat' dir='ltr'>expende,</span> <span class='ocrx_word' id='word_1_199' title='bbox 762 2936 883 3000; x_wconf 90' lang='lat' dir='ltr'>nullius</span> <span class='ocrx_word' id='word_1_200' title='bbox 907 2936 1067 2999; x_wconf 88' lang='lat' dir='ltr'>momenti</span> <span class='ocrx_word' id='word_1_201' title='bbox 1086 2934 1294 2997; x_wconf 87' lang='lat' dir='ltr'>aduersarios</span> 
     </span>
     <span class='ocr_line' id='line_1_25' title="bbox 27 3036 1294 3123; baseline -0.006 -15"><span class='ocrx_word' id='word_1_202' title='bbox 27 3037 29 3108; x_wconf 68' lang='grc' dir='ltr'>ζ</span> <span class='ocrx_word' id='word_1_203' title='bbox 93 3061 158 3104; x_wconf 86' lang='lat' dir='ltr'>esse</span> <span class='ocrx_word' id='word_1_204' title='bbox 181 3041 396 3106; x_wconf 70' lang='lat' dir='ltr'>existimans!</span> <span class='ocrx_word' id='word_1_205' title='bbox 442 3041 564 3104; x_wconf 91' lang='lat' dir='ltr'>deinde</span> <span class='ocrx_word' id='word_1_206' title='bbox 591 3041 671 3104; x_wconf 89' lang='lat' dir='ltr'>dicit</span> <span class='ocrx_word' id='word_1_207' title='bbox 695 3048 729 3102; x_wconf 88' lang='lat' dir='ltr'>et</span> <span class='ocrx_word' id='word_1_208' title='bbox 753 3040 925 3123; x_wconf 90' lang='lat' dir='ltr'>passiones</span> <span class='ocrx_word' id='word_1_209' title='bbox 950 3039 1039 3121; x_wconf 89' lang='lat' dir='ltr'>ipsas</span> <span class='ocrx_word' id='word_1_210' title='bbox 1065 3038 1109 3101; x_wconf 89' lang='lat' dir='ltr'>ad</span> <span class='ocrx_word' id='word_1_211' title='bbox 1137 3036 1294 3101; x_wconf 87' lang='lat' dir='ltr'>exhorta-</span> 
     </span>
     <span class='ocr_line' id='line_1_26' title="bbox 27 3143 1347 3220; baseline -0.003 -14"><span class='ocrx_word' id='word_1_212' title='bbox 27 3143 29 3178; x_wconf 60' lang='lat'><em>³</em></span> <span class='ocrx_word' id='word_1_213' title='bbox 93 3144 211 3208; x_wconf 89' lang='lat' dir='ltr'>tionem</span> <span class='ocrx_word' id='word_1_214' title='bbox 228 3145 422 3208; x_wconf 87' lang='lat' dir='ltr'>Timothei:</span> <span class='ocrx_word' id='word_1_215' title='bbox 1309 3153 1347 3220; x_wconf 83' lang='lat'>25</span> 
     </span>
    </p>
   </div>
   <div class='ocr_carea' id='block_1_8' title="bbox 27 3277 1350 3881">
    <p class='ocr_par' dir='ltr' id='par_1_8' title="bbox 27 3277 1350 3881">
     <span class='ocr_line' id='line_1_27' title="bbox 151 3277 1294 3370; baseline -0.003 -26"><span class='ocrx_word' id='word_1_216' title='bbox 151 3279 298 3370; x_wconf 77' lang='grc' dir='ltr'>ἀνωτέρω</span> <span class='ocrx_word' id='word_1_217' title='bbox 315 3282 371 3347; x_wconf 86' lang='grc' dir='ltr'>ἐπὶ</span> <span class='ocrx_word' id='word_1_218' title='bbox 386 3284 450 3346; x_wconf 79' lang='grc' dir='ltr'>τῶν</span> <span class='ocrx_word' id='word_1_219' title='bbox 461 3279 686 3362; x_wconf 80' lang='grc' dir='ltr'>ἀποτωμένων</span> <span class='ocrx_word' id='word_1_220' title='bbox 701 3279 801 3363; x_wconf 75' lang='grc' dir='ltr'>λέγει,</span> <span class='ocrx_word' id='word_1_221' title='bbox 819 3278 860 3350; x_wconf 80' lang='grc' dir='ltr'>ὠς</span> <span class='ocrx_word' id='word_1_222' title='bbox 876 3278 916 3344; x_wconf 82' lang='grc' dir='ltr'>ἂν</span> <span class='ocrx_word' id='word_1_223' title='bbox 932 3277 1088 3344; x_wconf 70' lang='grc' dir='ltr'>οὖδεπότε</span> <span class='ocrx_word' id='word_1_224' title='bbox 1104 3277 1294 3367; x_wconf 64' lang='grc' dir='ltr'>ἐπιλειψόν-</span> 
     </span>
     <span class='ocr_line' id='line_1_28' title="bbox 91 3382 1293 3471; baseline 0.005 -25"><span class='ocrx_word' id='word_1_225' title='bbox 91 3407 152 3449; x_wconf 85' lang='grc' dir='ltr'>των</span> <span class='ocrx_word' id='word_1_226' title='bbox 172 3386 281 3456; x_wconf 76' lang='grc' dir='ltr'>αὐτοῖς</span> <span class='ocrx_word' id='word_1_227' title='bbox 303 3388 368 3450; x_wconf 81' lang='grc' dir='ltr'>τῶν</span> <span class='ocrx_word' id='word_1_228' title='bbox 390 3383 591 3468; x_wconf 79' lang='grc' dir='ltr'>πειθομένων</span> <span class='ocrx_word' id='word_1_229' title='bbox 614 3383 660 3454; x_wconf 78' lang='grc' dir='ltr'>οἷς</span> <span class='ocrx_word' id='word_1_230' title='bbox 682 3383 846 3467; x_wconf 80' lang='grc' dir='ltr'>λέγουσιν.</span> <span class='ocrx_word' id='word_1_231' title='bbox 892 3383 1031 3449; x_wconf 81' lang='grc' dir='ltr'>ἐνταῦθα</span> <span class='ocrx_word' id='word_1_232' title='bbox 1052 3382 1087 3449; x_wconf 77' lang='grc' dir='ltr'>δὲ</span> <span class='ocrx_word' id='word_1_233' title='bbox 1113 3384 1204 3471; x_wconf 72' lang='grc' dir='ltr'>παρὰ</span> <span class='ocrx_word' id='word_1_234' title='bbox 1226 3390 1293 3458; x_wconf 79' lang='grc' dir='ltr'>τοῖς</span> 
     </span>
     <span class='ocr_line' id='line_1_29' title="bbox 27 3485 1294 3575; baseline -0.002 -17"><span class='ocrx_word' id='word_1_235' title='bbox 27 3521 29 3558; x_wconf 60' lang='grc' dir='ltr'>ι</span> <span class='ocrx_word' id='word_1_236' title='bbox 92 3490 144 3567; x_wconf 72' lang='grc' dir='ltr'>τῆς</span> <span class='ocrx_word' id='word_1_237' title='bbox 157 3489 310 3569; x_wconf 73' lang='grc' dir='ltr'>ἀληθείας</span> <span class='ocrx_word' id='word_1_238' title='bbox 330 3488 548 3571; x_wconf 71' lang='grc' dir='ltr'>δοκιμασταῖς</span> <span class='ocrx_word' id='word_1_239' title='bbox 566 3485 604 3554; x_wconf 81' lang='lat' dir='ltr'>oi</span> <span class='ocrx_word' id='word_1_240' title='bbox 625 3487 829 3575; x_wconf 82' lang='grc' dir='ltr'>προκόπτειν</span> <span class='ocrx_word' id='word_1_241' title='bbox 848 3485 968 3555; x_wconf 76' lang='grc' dir='ltr'>αὐτούς</span> <span class='ocrx_word' id='word_1_242' title='bbox 988 3491 1107 3573; x_wconf 83' lang='grc' dir='ltr'>φησιν·</span> <span class='ocrx_word' id='word_1_243' title='bbox 1130 3486 1164 3553; x_wconf 79' lang='grc' dir='ltr'>οἳ</span> <span class='ocrx_word' id='word_1_244' title='bbox 1179 3488 1244 3574; x_wconf 70' lang='grc' dir='ltr'>γὰρ</span> <span class='ocrx_word' id='word_1_245' title='bbox 1259 3491 1294 3556; x_wconf 79' lang='grc' dir='ltr'>ἐν</span> 
     </span>
     <span class='ocr_line' id='line_1_30' title="bbox 91 3587 1293 3677; baseline 0.003 -24.798"><span class='ocrx_word' id='word_1_246' title='bbox 91 3587 172 3677; x_wconf 75' lang='grc' dir='ltr'>ἀρχῇ</span> <span class='ocrx_word' id='word_1_247' title='bbox 190 3589 355 3661; x_wconf 77' lang='grc' dir='ltr'>πολλάκις</span> <span class='ocrx_word' id='word_1_248' title='bbox 379 3590 471 3655; x_wconf 85' lang='grc' dir='ltr'>οὔπω</span> <span class='ocrx_word' id='word_1_249' title='bbox 495 3589 536 3655; x_wconf 76' lang='grc' dir='ltr'>τὰ</span> <span class='ocrx_word' id='word_1_250' title='bbox 559 3587 632 3656; x_wconf 83' lang='grc' dir='ltr'>κατ’</span> <span class='ocrx_word' id='word_1_251' title='bbox 654 3588 771 3661; x_wconf 77' lang='grc' dir='ltr'>αὐτοὺς</span> <span class='ocrx_word' id='word_1_252' title='bbox 792 3588 918 3666; x_wconf 77' lang='grc' dir='ltr'>εἰδότες,</span> <span class='ocrx_word' id='word_1_253' title='bbox 939 3592 987 3677; x_wconf 75' lang='grc' dir='ltr'>τῷ</span> <span class='ocrx_word' id='word_1_254' title='bbox 1010 3588 1162 3677; x_wconf 75' lang='grc' dir='ltr'>σχήματι</span> <span class='ocrx_word' id='word_1_255' title='bbox 1182 3590 1293 3657; x_wconf 79' lang='grc' dir='ltr'>δελεά-</span> 
     </span>
     <span class='ocr_line' id='line_1_31' title="bbox 27 3689 1350 3785; baseline 0.005 -31"><span class='ocrx_word' id='word_1_256' title='bbox 27 3697 29 3746; x_wconf 78' lang='grc' dir='ltr'>ἶ</span> <span class='ocrx_word' id='word_1_257' title='bbox 94 3693 205 3771; x_wconf 82' lang='grc' dir='ltr'>ζοντοι,</span> <span class='ocrx_word' id='word_1_258' title='bbox 235 3696 281 3780; x_wconf 76' lang='grc' dir='ltr'>τῷ</span> <span class='ocrx_word' id='word_1_259' title='bbox 317 3692 426 3781; x_wconf 79' lang='grc' dir='ltr'>χρόνῳ</span> <span class='ocrx_word' id='word_1_260' title='bbox 456 3691 567 3777; x_wconf 82' lang='grc' dir='ltr'>μέντοι</span> <span class='ocrx_word' id='word_1_261' title='bbox 601 3691 661 3774; x_wconf 61' lang='grc' dir='ltr'>τὴν</span> <span class='ocrx_word' id='word_1_262' title='bbox 698 3692 839 3760; x_wconf 79' lang='grc' dir='ltr'>ἐνοῦσαν</span> <span class='ocrx_word' id='word_1_263' title='bbox 876 3689 984 3763; x_wconf 74' lang='grc' dir='ltr'>αὐτοῖς</span> <span class='ocrx_word' id='word_1_264' title='bbox 1020 3698 1086 3759; x_wconf 78' lang='grc' dir='ltr'>τῶν</span> <span class='ocrx_word' id='word_1_265' title='bbox 1123 3691 1294 3778; x_wconf 77' lang='grc' dir='ltr'>δογμάτων</span> <span class='ocrx_word' id='word_1_266' title='bbox 1307 3722 1350 3785; x_wconf 82' lang='lat'>30</span> 
     </span>
     <span class='ocr_line' id='line_1_32' title="bbox 27 3794 574 3881; baseline -0.002 -19"><span class='ocrx_word' id='word_1_267' title='bbox 27 3857 29 3862; x_wconf 78' lang='grc'><strong><em>,</em></strong></span> <span class='ocrx_word' id='word_1_268' title='bbox 93 3794 263 3881; x_wconf 77' lang='grc' dir='ltr'>διαφθορὰν</span> <span class='ocrx_word' id='word_1_269' title='bbox 287 3794 574 3881; x_wconf 72' lang='grc' dir='ltr'>ἐπιγινώσκουσιν.</span> 
     </span>
    </p>
   </div>
   <div class='ocr_carea' id='block_1_9' title="bbox 92 3916 1295 4310">
    <p class='ocr_par' dir='ltr' id='par_1_9' title="bbox 92 3916 1295 4310">
     <span class='ocr_line' id='line_1_33' title="bbox 138 3916 1295 3986; baseline 0.003 -18"><span class='ocrx_word' id='word_1_270' title='bbox 138 3934 148 3968; x_wconf 89' lang='lat'>1</span> <span class='ocrx_word' id='word_1_271' title='bbox 166 3919 237 3969; x_wconf 85' lang='lat' dir='ltr'>dictis</span> <span class='ocrx_word' id='word_1_272' title='bbox 251 3920 322 3969; x_wconf 88' lang='lat' dir='ltr'>CH:</span> <span class='ocrx_word' id='word_1_273' title='bbox 338 3926 379 3968; x_wconf 71' lang='lat' dir='ltr'>tat</span> <span class='ocrx_word' id='word_1_274' title='bbox 389 3935 405 3968; x_wconf 85' lang='lat' dir='ltr'>r</span> <span class='ocrx_word' id='word_1_275' title='bbox 490 3934 504 3968; x_wconf 78' lang='lat' dir='ltr'>a</span> <span class='ocrx_word' id='word_1_276' title='bbox 522 3926 549 3968; x_wconf 90' lang='lat' dir='ltr'>ut</span> <span class='ocrx_word' id='word_1_277' title='bbox 562 3919 618 3984; x_wconf 67' lang='lat' dir='ltr'>(for</span> <span class='ocrx_word' id='word_1_278' title='bbox 628 3916 701 3982; x_wconf 87' lang='lat' dir='ltr'>sicut)</span> <span class='ocrx_word' id='word_1_279' title='bbox 713 3935 730 3968; x_wconf 83' lang='lat' dir='ltr'>r</span> <span class='ocrx_word' id='word_1_280' title='bbox 811 3934 825 3983; x_wconf 83' lang='lat'>3</span> <span class='ocrx_word' id='word_1_281' title='bbox 842 3933 948 3983; x_wconf 81' lang='lat' dir='ltr'>prauare</span> <span class='ocrx_word' id='word_1_282' title='bbox 962 3918 984 3968; x_wconf 87' lang='lat' dir='ltr'><strong><em>C</em></strong></span> <span class='ocrx_word' id='word_1_283' title='bbox 992 3919 1027 3968; x_wconf 99' lang='lat' dir='ltr'><em>H</em></span> <span class='ocrx_word' id='word_1_284' title='bbox 1038 3919 1210 3984; x_wconf 84' lang='lat' dir='ltr'>deprauarer:</span> <span class='ocrx_word' id='word_1_285' title='bbox 1228 3929 1295 3986; x_wconf 77' lang='lat' dir='ltr'>txtg</span> 
     </span>
     <span class='ocr_line' id='line_1_34' title="bbox 92 3998 1293 4066; baseline 0.003 -19"><span class='ocrx_word' id='word_1_286' title='bbox 92 4012 105 4060; x_wconf 83' lang='lat'>5</span> <span class='ocrx_word' id='word_1_287' title='bbox 120 4000 222 4063; x_wconf 83' lang='lat' dir='ltr'>speciem</span> <span class='ocrx_word' id='word_1_288' title='bbox 234 4016 256 4049; x_wconf 87' lang='lat' dir='ltr'>e.</span> <span class='ocrx_word' id='word_1_289' title='bbox 268 4016 298 4049; x_wconf 90' lang='lat' dir='ltr'>ac</span> <span class='ocrx_word' id='word_1_290' title='bbox 309 4015 392 4049; x_wconf 85' lang='lat' dir='ltr'>scema</span> <span class='ocrx_word' id='word_1_291' title='bbox 402 3999 483 4048; x_wconf 88' lang='lat' dir='ltr'>solum</span> <span class='ocrx_word' id='word_1_292' title='bbox 495 4008 632 4063; x_wconf 83' lang='lat' dir='ltr'>agnoscunt</span> <span class='ocrx_word' id='word_1_293' title='bbox 644 4016 661 4048; x_wconf 87' lang='lat' dir='ltr'>r</span> <span class='ocrx_word' id='word_1_294' title='bbox 673 3998 677 4064; x_wconf 93' lang='grc' dir='ltr'>Ι</span> <span class='ocrx_word' id='word_1_295' title='bbox 692 4000 746 4048; x_wconf 87' lang='lat' dir='ltr'>sola</span> <span class='ocrx_word' id='word_1_296' title='bbox 760 3999 782 4048; x_wconf 89' lang='lat' dir='ltr'><em>C</em></span> <span class='ocrx_word' id='word_1_297' title='bbox 791 4000 825 4049; x_wconf 88' lang='lat' dir='ltr'><em>H</em></span> <span class='ocrx_word' id='word_1_298' title='bbox 941 4010 954 4060; x_wconf 81' lang='lat'><strong>7</strong></span> <span class='ocrx_word' id='word_1_299' title='bbox 972 3998 998 4048; x_wconf 87' lang='lat' dir='ltr'>in</span> <span class='ocrx_word' id='word_1_300' title='bbox 1010 4000 1067 4064; x_wconf 89' lang='lat' dir='ltr'>(sor</span> <span class='ocrx_word' id='word_1_301' title='bbox 1077 3999 1119 4063; x_wconf 88' lang='lat' dir='ltr'>ab)</span> <span class='ocrx_word' id='word_1_302' title='bbox 1132 4014 1147 4048; x_wconf 80' lang='lat' dir='ltr'>r</span> <span class='ocrx_word' id='word_1_303' title='bbox 1158 4000 1162 4064; x_wconf 85' lang='grc' dir='ltr'>Ι</span> <span class='ocrx_word' id='word_1_304' title='bbox 1176 4008 1293 4066; x_wconf 84' lang='lat' dir='ltr'>poterant</span> 
     </span>
     <span class='ocr_line' id='line_1_35' title="bbox 92 4079 1294 4148; baseline 0.004 -21"><span class='ocrx_word' id='word_1_305' title='bbox 92 4079 122 4127; x_wconf 87' lang='lat' dir='ltr'><em>H</em></span> <span class='ocrx_word' id='word_1_306' title='bbox 129 4080 134 4143; x_wconf 82' lang='grc' dir='ltr'>Ι</span> <span class='ocrx_word' id='word_1_307' title='bbox 147 4096 192 4144; x_wconf 84' lang='lat' dir='ltr'>ego</span> <span class='ocrx_word' id='word_1_308' title='bbox 204 4082 253 4131; x_wconf 88' lang='lat' dir='ltr'>dixi</span> <span class='ocrx_word' id='word_1_309' title='bbox 267 4080 323 4145; x_wconf 82' lang='lat' dir='ltr'>(sar</span> <span class='ocrx_word' id='word_1_310' title='bbox 333 4097 392 4145; x_wconf 86' lang='lat' dir='ltr'>ergo</span> <span class='ocrx_word' id='word_1_311' title='bbox 404 4081 476 4138; x_wconf 86' lang='lat' dir='ltr'>dixit)</span> <span class='ocrx_word' id='word_1_312' title='bbox 487 4082 522 4129; x_wconf 94' lang='lat' dir='ltr'><em>H</em></span> <span class='ocrx_word' id='word_1_313' title='bbox 658 4084 673 4132; x_wconf 83' lang='grc'><strong>8</strong></span> <span class='ocrx_word' id='word_1_314' title='bbox 690 4096 758 4131; x_wconf 87' lang='lat' dir='ltr'>error</span> <span class='ocrx_word' id='word_1_315' title='bbox 769 4096 855 4131; x_wconf 90' lang='lat' dir='ltr'>eorum</span> <span class='ocrx_word' id='word_1_316' title='bbox 868 4079 1004 4145; x_wconf 76' lang='lat' dir='ltr'>(estquod)</span> <span class='ocrx_word' id='word_1_317' title='bbox 1016 4081 1068 4130; x_wconf 80' lang='lat' dir='ltr'>add</span> <span class='ocrx_word' id='word_1_318' title='bbox 1077 4098 1092 4129; x_wconf 87' lang='lat' dir='ltr'>r</span> <span class='ocrx_word' id='word_1_319' title='bbox 1105 4079 1109 4148; x_wconf 89' lang='grc' dir='ltr'>Ι</span> <span class='ocrx_word' id='word_1_320' title='bbox 1124 4084 1201 4148; x_wconf 84' lang='lat' dir='ltr'>possit</span> <span class='ocrx_word' id='word_1_321' title='bbox 1216 4083 1276 4132; x_wconf 89' lang='lat' dir='ltr'>CH</span> <span class='ocrx_word' id='word_1_322' title='bbox 1278 4100 1294 4132; x_wconf 88' lang='lat' dir='ltr'>r</span> 
     </span>
     <span class='ocr_line' id='line_1_36' title="bbox 95 4152 1291 4227; baseline 0.003 -19"><span class='ocrx_word' id='word_1_323' title='bbox 95 4174 120 4222; x_wconf 83' lang='lat'>13</span> <span class='ocrx_word' id='word_1_324' title='bbox 135 4172 256 4211; x_wconf 83' lang='lat' dir='ltr'>assecutus</span> <span class='ocrx_word' id='word_1_325' title='bbox 267 4178 284 4211; x_wconf 86' lang='lat' dir='ltr'>r</span> <span class='ocrx_word' id='word_1_326' title='bbox 364 4178 391 4222; x_wconf 83' lang='lat'>14</span> <span class='ocrx_word' id='word_1_327' title='bbox 409 4162 528 4227; x_wconf 84' lang='lat' dir='ltr'>pietatem</span> <span class='ocrx_word' id='word_1_328' title='bbox 541 4163 589 4227; x_wconf 67' lang='grc' dir='ltr'>(νβ</span> <span class='ocrx_word' id='word_1_329' title='bbox 599 4162 660 4223; x_wconf 81' lang='lat' dir='ltr'>car.)</span> <span class='ocrx_word' id='word_1_330' title='bbox 671 4152 724 4211; x_wconf 82' lang='lat' dir='ltr'>add</span> <span class='ocrx_word' id='word_1_331' title='bbox 732 4178 749 4210; x_wconf 88' lang='lat' dir='ltr'>r</span> <span class='ocrx_word' id='word_1_332' title='bbox 828 4176 854 4224; x_wconf 87' lang='lat'>15</span> <span class='ocrx_word' id='word_1_333' title='bbox 873 4162 1002 4227; x_wconf 81' lang='lat' dir='ltr'>passiones</span> <span class='ocrx_word' id='word_1_334' title='bbox 1012 4178 1051 4211; x_wconf 85' lang='lat' dir='ltr'>om</span> <span class='ocrx_word' id='word_1_335' title='bbox 1059 4163 1094 4212; x_wconf 99' lang='lat' dir='ltr'><em>H</em></span> <span class='ocrx_word' id='word_1_336' title='bbox 1172 4178 1201 4212; x_wconf 82' lang='grc' dir='ltr'>ιι</span> <span class='ocrx_word' id='word_1_337' title='bbox 1220 4163 1291 4213; x_wconf 84' lang='lat' dir='ltr'>susti-</span> 
     </span>
     <span class='ocr_line' id='line_1_37' title="bbox 92 4240 1291 4310; baseline 0.004 -22"><span class='ocrx_word' id='word_1_338' title='bbox 92 4240 209 4290; x_wconf 78' lang='lat' dir='ltr'>nutrimus</span> <span class='ocrx_word' id='word_1_339' title='bbox 219 4242 254 4290; x_wconf 91' lang='lat' dir='ltr'><em>H</em></span> <span class='ocrx_word' id='word_1_340' title='bbox 354 4256 384 4306; x_wconf 77' lang='lat'>23</span> <span class='ocrx_word' id='word_1_341' title='bbox 401 4243 520 4291; x_wconf 87' lang='lat' dir='ltr'>mementi</span> <span class='ocrx_word' id='word_1_342' title='bbox 532 4241 585 4307; x_wconf 83' lang='lat' dir='ltr'>(sic)</span> <span class='ocrx_word' id='word_1_343' title='bbox 597 4244 632 4293; x_wconf 89' lang='lat' dir='ltr'><em>H</em></span> <span class='ocrx_word' id='word_1_344' title='bbox 749 4241 781 4293; x_wconf 75' lang='lat'>26</span> <span class='ocrx_word' id='word_1_345' title='bbox 797 4258 835 4306; x_wconf 85' lang='lat' dir='ltr'>sq.</span> <span class='ocrx_word' id='word_1_346' title='bbox 848 4242 925 4293; x_wconf 88' lang='lat' dir='ltr'>Coisl.</span> <span class='ocrx_word' id='word_1_347' title='bbox 939 4257 994 4306; x_wconf 76' lang='lat'>204,</span> <span class='ocrx_word' id='word_1_348' title='bbox 1009 4242 1026 4291; x_wconf 84' lang='lat' dir='ltr'>i.</span> <span class='ocrx_word' id='word_1_349' title='bbox 1040 4259 1087 4310; x_wconf 71' lang='lat'>²¹9</span> <span class='ocrx_word' id='word_1_350' title='bbox 1098 4244 1116 4293; x_wconf 94' lang='lat' dir='ltr'>b</span> <span class='ocrx_word' id='word_1_351' title='bbox 1127 4244 1182 4306; x_wconf 93' lang='lat' dir='ltr'>[Cr.</span> <span class='ocrx_word' id='word_1_352' title='bbox 1194 4244 1236 4293; x_wconf 87' lang='lat' dir='ltr'>vii.</span> <span class='ocrx_word' id='word_1_353' title='bbox 1250 4243 1291 4307; x_wconf 78' lang='lat'>73]</span> 
     </span>
    </p>
   </div>
   <div class='ocr_carea' id='block_1_10' title="bbox 27 4320 1114 4390">
    <p class='ocr_par' dir='ltr' id='par_1_10' title="bbox 27 4320 1114 4390">
     <span class='ocr_line' id='line_1_38' title="bbox 27 4320 1114 4390; baseline 0.004 -20"><span class='ocrx_word' id='word_1_354' title='bbox 27 4337 28 4364; x_wconf 76' lang='lat'>1</span> <span class='ocrx_word' id='word_1_355' title='bbox 91 4320 283 4384; x_wconf 73' lang='grc' dir='ltr'>ἰλλοιδέφηοίν·</span> <span class='ocrx_word' id='word_1_356' title='bbox 301 4320 416 4387; x_wconf 71' lang='grc' dir='ltr'>ἀνωτέρω,</span> <span class='ocrx_word' id='word_1_357' title='bbox 429 4327 502 4374; x_wconf 79' lang='grc' dir='ltr'>κτλ.</span> <span class='ocrx_word' id='word_1_358' title='bbox 602 4329 633 4377; x_wconf 77' lang='lat'>28</span> <span class='ocrx_word' id='word_1_359' title='bbox 650 4327 672 4375; x_wconf 77' lang='lat' dir='ltr'>oi</span> <span class='ocrx_word' id='word_1_360' title='bbox 683 4327 739 4376; x_wconf 88' lang='lat' dir='ltr'>cod.</span> <span class='ocrx_word' id='word_1_361' title='bbox 753 4327 796 4377; x_wconf 88' lang='lat' dir='ltr'>Cr.</span> <span class='ocrx_word' id='word_1_362' title='bbox 897 4342 926 4390; x_wconf 81' lang='lat'>31</span> <span class='ocrx_word' id='word_1_363' title='bbox 946 4324 1060 4389; x_wconf 76' lang='grc' dir='ltr'>διαφορὰν</span> <span class='ocrx_word' id='word_1_364' title='bbox 1070 4326 1114 4376; x_wconf 88' lang='lat' dir='ltr'>Cr.</span> 
     </span>
    </p>
   </div>
   <div class='ocr_carea' id='block_1_11' title="bbox 27 4923 112 5049">
    <p class='ocr_par' dir='ltr' id='par_1_11' title="bbox 27 4923 112 5049">
     <span class='ocr_line' id='line_1_39' title="bbox 27 4923 112 5049; baseline 0 0"><span class='ocrx_word' id='word_1_365' title='bbox 27 4923 112 5049; x_wconf 65' lang='lat' dir='ltr'>i,</span> 
     </span>
    </p>
   </div>
   <div class='ocr_carea' id='block_1_12' title="bbox 94 4439 1291 4581">
    <p class='ocr_par' dir='ltr' id='par_1_12' title="bbox 94 4439 1291 4581">
     <span class='ocr_line' id='line_1_40' title="bbox 122 4439 1291 4509; baseline 0.003 -21"><span class='ocrx_word' id='word_1_366' title='bbox 122 4450 143 4498; x_wconf 75' lang='grc'>7.</span> <span class='ocrx_word' id='word_1_367' title='bbox 175 4440 262 4489; x_wconf 75' lang='lat' dir='ltr'>nabere</span> <span class='ocrx_word' id='word_1_368' title='bbox 279 4439 310 4487; x_wconf 85' lang='lat' dir='ltr'>ab</span> <span class='ocrx_word' id='word_1_369' title='bbox 328 4440 377 4502; x_wconf 78' lang='lat' dir='ltr'>tis]</span> <span class='ocrx_word' id='word_1_370' title='bbox 408 4442 448 4492; x_wconf 90' lang='lat' dir='ltr'>Sc.</span> <span class='ocrx_word' id='word_1_371' title='bbox 467 4444 577 4493; x_wconf 82' lang='lat' dir='ltr'>se—“to</span> <span class='ocrx_word' id='word_1_372' title='bbox 594 4444 659 4509; x_wconf 84' lang='lat' dir='ltr'>keep</span> <span class='ocrx_word' id='word_1_373' title='bbox 747 4457 785 4505; x_wconf 79' lang='lat'>13·</span> <span class='ocrx_word' id='word_1_374' title='bbox 824 4442 968 4493; x_wconf 78' lang='lat' dir='ltr'>institutum</span> <span class='ocrx_word' id='word_1_375' title='bbox 1023 4442 1161 4505; x_wconf 74' lang='lat' dir='ltr'>caritatem]</span> <span class='ocrx_word' id='word_1_376' title='bbox 1205 4441 1291 4506; x_wconf 47' lang='lat' dir='ltr'>Vulgo</span> 
     </span>
     <span class='ocr_line' id='line_1_41' title="bbox 94 4517 1134 4581; baseline 0.008 -15"><span class='ocrx_word' id='word_1_377' title='bbox 94 4517 156 4567; x_wconf 80' lang='lat' dir='ltr'>aloes</span> <span class='ocrx_word' id='word_1_378' title='bbox 164 4519 228 4570; x_wconf 80' lang='lat' dir='ltr'>from</span> <span class='ocrx_word' id='word_1_379' title='bbox 240 4519 328 4569; x_wconf 83' lang='lat' dir='ltr'>them&#39;&#39;</span> <span class='ocrx_word' id='word_1_380' title='bbox 339 4522 375 4581; x_wconf 74' lang='lat' dir='ltr'>(i).</span> <span class='ocrx_word' id='word_1_381' title='bbox 712 4531 727 4553; x_wconf 78' lang='lat'>‘⁶</span> <span class='ocrx_word' id='word_1_382' title='bbox 736 4524 1134 4577; x_wconf 73' lang='lat' dir='ltr'>institutionem.„dilectionem”</span> 
     </span>
    </p>
   </div>
   <div class='ocr_carea' id='block_1_13' title="bbox 0 0 1576 5093">
    <p class='ocr_par' dir='ltr' id='par_1_13' title="bbox 0 0 1576 5093">
     <span class='ocr_line' id='line_1_42' title="bbox 0 0 1576 5093; baseline 0 0"><span class='ocrx_word' id='word_1_383' title='bbox 0 0 1576 5093; x_wconf 95' lang='lat' dir='ltr'> </span> 
     </span>
    </p>
   </div>
  </div>
 </body>
</html>
