3142 5100
588 408 712 468 310
1545 403 1927 453 Arri-:Nom
1971 402 2037 453 A.

631 672 640 680 .
728 620 961 704 [imunt.
1023 623 1060 680 l.
1085 642 1124 681 c.
1178 622 1265 695 (ἐκ
1306 623 1408 679 τοῦ
1452 619 1517 681 ιε’
1561 617 1785 701 λόγον).
1884 623 2073 682 Cone.
2121 623 2240 683 (ΞΡ.
2290 621 2348 681 ἰί.
2395 639 2474 681 iv.
2518 642 2592 699 43
2643 619 2950 701 (“eiusdem

748 744 824 780 ex
880 724 1029 779 libro
1084 718 1451 779 duodecimo
1491 719 1570 779 de
1612 718 2096 798 Incamatione”)
2117 741 2135 796 ;
2174 722 2245 781 ib.
2280 737 2334 777 v.
2370 720 2526 799 (“ex
2554 722 2755 782 eodem
2779 721 2949 780 libr0”

752 848 792 868 ε
820 828 852 852 “
876 839 946 877 ex
978 819 1249 878 secundo
1278 817 1430 879 libro
1461 817 1757 896 Cyrilli”).
1843 817 1974 896 Vig-
2009 836 2102 890 44·
2191 819 2281 879 Cf·
2317 821 2570 893 Sachau,
2598 838 2653 897 P·
2683 837 2753 896 50
2776 815 2880 898 ΣΦ]

716 972 916 1028 Nemo
943 967 1193 1028 artificio
1220 966 1753 1045 interrogationum
1780 967 2127 1046 decipiatur.
2159 987 2171 993 ·
2215 967 2571 1047 flagitiosum
2600 968 2747 1029 enim
2772 978 2850 1027 est
2872 967 2957 1026 de·

592 1088 828 1144 ponere
852 1066 1098 1144 quidem
1118 1076 1345 1125 tantam
1365 1065 1607 1126 testium
1637 1067 1881 1140 nubem,
1905 1067 2237 1126 secundum
2267 1067 2432 1143 quod
2460 1067 2753 1143 apostolus
2779 1063 2958 1134 dixit*,

592 1162 796 1220 astutis
840 1176 1040 1223 autem
1084 1161 1648 1239 interrogationibus
1695 1164 1987 1239 deceptos
2025 1163 2496 1224 aduersariorum
2526 1163 2671 1240 parti
2697 1160 2952 1238 coniungi.

592 1280 744 1336 quae
788 1280 924 1320 uero
963 1271 1102 1320 sunt
1140 1278 1296 1335 quae
1336 1279 1473 1319 curn
1511 1271 1640 1319 arte
1680 1258 2090 1336 interrogant?
2161 1260 2458 1320 ‘hominis
2489 1260 2745 1338 genetrix
2780 1256 2954 1326 Maria,

528 1380 560 1436 5
592 1376 668 1412 an
712 1356 828 1416 Dei
864 1354 1130 1432 genetrix
1149 1358 1176 1414 ?
1197 1358 1213 1384 '
1269 1367 1369 1416 et:
1415 1361 1430 1388 ‘
1454 1353 1558 1432 qui
1588 1356 1896 1415 crucifixus
1917 1368 2024 1430 est,
2056 1369 2251 1416 utrum
2286 1361 2454 1416 Deus
2477 1377 2554 1416 an
2582 1356 2822 1415 homo?'
2869 1353 2957 1412 sed

596 1448 836 1512 istorum
876 1450 1117 1528 quidem
1161 1462 1323 1510 certa
1366 1463 1455 1511 est
1498 1449 1797 1511 absolutio
1838 1463 1899 1512 et
1940 1472 2013 1511 ex
2054 1450 2145 1512 his
2187 1472 2342 1529 quae
2385 1450 2770 1529 praediximus
2806 1449 2858 1509 in
2892 1467 2961 1507 re-

596 1548 828 1624 sJffltisis
888 1567 1040 1624 quae
1094 1548 1173 1608 ad
1223 1546 1713 1624 interrogationes
1763 1549 1996 1609 fuerunt
2015 1570 2031 1622 3
2072 1561 2275 1609 tamen
2325 1567 2470 1610 uero
2518 1547 2739 1609 dicatur
2775 1558 2828 1608 et
2864 1547 2958 1605 iam

600 1668 756 1708 nunc
796 1667 948 1724 quae
977 1645 1407 1723 compendiose
1435 1647 1800 1722 respondere
1829 1658 2066 1724 oportet
2096 1657 2161 1706 ut
2188 1646 2351 1705 nulla
2378 1645 2464 1707 eis
2495 1646 2727 1707 occasio
2750 1643 2960 1705 astutiae

596 1744 975 1820 relinquatur.

500 1936 520 1972 1
536 1936 568 1972 ε]
680 1908 816 1968 ὅταν
868 1905 1051 1965 τοίνυν
1106 1906 1387 1983 ἐραπῶσιν
1442 1910 1457 1938 ‘
1476 1901 1758 1980 ἅνθρωπο·
1937 1925 2074 1965 cum
2113 1924 2253 1983 ergo
2294 1903 2671 1981 interrogent,
2715 1909 2731 1935 ‘
2751 1900 2966 1963 hominis

600 2004 764 2068 τόκος
800 2004 836 2080 ᾖ
880 2002 1142 2067 θεοτόκος
1167 2002 1205 2079 ἦ
1234 2002 1464 2079 Μαρία,’
1502 2002 1762 2083 λεγέσθω
1855 2003 2125 2080 genetrix
2165 2014 2270 2063 aut
2309 2001 2424 2061 Dei
2455 2000 2724 2078 genetrix
2758 1989 2966 2059 Maria?⁷

600 2104 728 2176 παρ’
768 2100 924 2176 ἐμῶν
967 2099 1351 2178 ιιιῖριφόιι·εριιι·’
1398 2099 1466 2159 τό
1505 2100 1610 2175 μὲν
1649 2100 1761 2180 γὰρ
1860 2101 2091 2161 dicatur
2130 2120 2167 2159 a
2207 2099 2398 2173 nobiS,
2439 2101 2965 2175 ‘utraque’—unum

600 2204 672 2276 τῇ
720 2200 894 2276 φύσει
939 2201 1041 2258 τοῦ
1087 2197 1436 2280 πράγματος,
1480 2197 1546 2256 τὰ
1589 2197 1651 2256 δὲ
1690 2199 1764 2276 τῇ
1861 2198 2106 2275 quidem
2148 2208 2355 2255 natura
2386 2195 2489 2267 rei,
2529 2197 2771 2255 alterum
2803 2205 2964 2253 autem

600 2300 876 2376 ιίι-ειφῡρςῖ.
961 2295 1385 2373 ἅνθρωποτόκος
1421 2297 1528 2371 μὲν
1552 2294 1664 2374 γὰρ
1690 2300 1763 2373 τῇ
1858 2295 2159 2357 relatione.
2233 2294 2494 2354 hominis
2543 2293 2702 2353 enim
2747 2289 2968 2370 genetrix

504 2418 524 2456 1
544 2416 568 2472 5
604 2396 796 2468 φύσει,
840 2396 1066 2471 ἐπείπερ
1107 2393 1395 2471 ἅνθρωπος
1434 2391 1506 2468 ἦν
1546 2391 1580 2452 ὅ
1609 2397 1666 2451 ἐν
1691 2397 1764 2472 τῇ
1860 2406 2088 2465 natura,
2132 2390 2276 2468 quia
2314 2391 2498 2449 homo
2540 2403 2665 2450 erat
2703 2389 2761 2448 in
2800 2400 2968 2448 uentre

604 2496 792 2572 κριλὶῃ
828 2496 924 2568 τῆς
962 2494 1207 2570 Μαρίας,
1238 2491 1309 2556 ὥς
1344 2491 1438 2551 καὶ
1471 2492 1764 2569 προῆλθεν
1865 2489 2110 2563 Mariae,
2135 2487 2276 2566 quia
2293 2497 2354 2546 et
2371 2487 2660 2564 processit
2687 2486 2843 2560 inde;
2877 2482 2967 2543 Dei

604 2592 836 2652 ἐκεῖθεν·
884 2592 1140 2654 &toronos-
1177 2590 1254 2665 δέ,
1286 2590 1510 2663 ἐπείπερ
1539 2589 1667 2652 θεός
1693 2587 1765 2665 ἦν
1861 2602 2063 2650 autem
2103 2588 2389 2665 genetrix,
2418 2587 2561 2663 quia
2602 2588 2763 2648 Deus
2793 2581 2970 2645 eratin

604 2696 660 2749 ἐν
700 2692 772 2769 τῷ
808 2690 1063 2769 τεχθέντι
1088 2687 1375 2767 ἀνθρώπῳ,
1407 2686 1505 2747 οὐκ
1533 2692 1593 2746 ἐν
1620 2683 1767 2765 αὐτῷ
1863 2685 2107 2747 homine
2151 2699 2314 2760 nato,
2355 2705 2479 2746 non
2521 2686 2583 2745 in
2626 2684 2724 2744 illo
2765 2682 2971 2741 circum-

604 2785 1085 2865 περιγραφόμενα·
1133 2785 1275 2844 κατὰ
1319 2785 1425 2860 τήν
1466 2782 1661 2859 φύσιν,
1706 2787 1767 2843 ἐν
1863 2783 2113 2862 scriptus
2175 2785 2509 2844 secundum
2563 2794 2834 2853 naturam,
2881 2777 2970 2837 sed

504 2905 576 2941 ao
604 2881 752 2961 αὐτῷ
804 2881 864 2941 δὲ
920 2880 991 2941 ὢν
1046 2880 1188 2941 κατὰ
1245 2880 1351 2958 τήν
1404 2881 1611 2961 σχέσιν
1662 2884 1766 2957 τῆς
1863 2882 2024 2958 quod
2052 2880 2114 2940 in
2144 2900 2218 2942 eo
2246 2893 2370 2941 erat
2399 2883 2620 2941 affectu
2646 2873 2946 2940 uoluntatis».

612 3005 840 3061 rfflsuit—

728 3137 924 3213 itaque
954 3146 1203 3213 utraque
1233 3136 1478 3211 quidem
1510 3133 1629 3195 dici
1660 3133 1879 3193 iustum
1909 3144 2017 3204 est,
2043 3152 2167 3191 non
2195 3142 2394 3191 autem
2413 3132 2739 3192 secundum
2759 3128 2968 3188 similem

608 3233 912 3293 rationem.
998 3252 1113 3293 nee
1154 3232 1314 3292 enim
1358 3232 1509 3292 sicut
1551 3233 1736 3292 homo
1775 3231 1837 3289 in
1877 3244 2045 3290 utero
2082 3241 2146 3289 ut
2180 3242 2335 3289 esset
2365 3227 2625 3306 suscepit
2652 3227 2878 3297 initium,
2903 3224 2969 3283 sic

608 3349 664 3393 et
700 3337 864 3393 Deus
895 3335 948 3389 V
951 3334 1156 3393 erbum
1177 3353 1194 3405 3
1235 3343 1358 3391 erat
1389 3332 1549 3392 enim
1580 3341 1719 3389 ante
1749 3348 1989 3390 omnem
2021 3340 2364 3388 creaturam.
2451 3325 2654 3403 itaque
2681 3340 2737 3386 et
2763 3335 2968 3400 utraque

508 3445 576 3501 25
608 3433 724 3489 dici
756 3433 972 3489 iustum
1003 3442 1111 3502 est,
1141 3440 1202 3490 et
1231 3441 1547 3505 utrumque
1577 3447 1784 3487 eorum
1814 3426 2144 3485 secundum
2175 3423 2474 3501 propriam
2502 3424 2797 3484 rationem.

732 3529 888 3589 idem
932 3540 1131 3588 autem
1170 3527 1657 3604 respondendum
1702 3536 1761 3585 et
1804 3524 1852 3583 si
1893 3524 2291 3600 interrogent:
2338 3523 2540 3581 ‘Deus
2581 3520 2868 3581 crucifixus
2899 3527 2970 3575 est

612 3649 684 3689 an
716 3631 900 3689 humo
920 3631 978 3685 Γ
1025 3628 1187 3704 quod
1223 3630 1507 3702 ‘utraque
1536 3624 1802 3701 quidem,
1834 3641 1956 3681 non
1985 3633 2186 3680 autem
2217 3620 2548 3680 secundum
2578 3619 2812 3678 similem
2835 3612 2973 3674 ratio·

612 3725 788 3785 neni!
864 3743 1000 3781 nam
1038 3723 1135 3782 hic
1178 3721 1422 3798 quidem
1465 3720 1779 3778 crucifixus
1823 3730 1929 3788 est,
1960 3728 2170 3793 utpote
2212 3727 2272 3776 et
2313 3715 2652 3793 passionem
2692 3709 2971 3790 suscipiens

612 3837 668 3885 et
700 3821 860 3901 ligno
888 3823 1132 3894 adfixm,
1166 3832 1224 3879 et
1252 3821 1330 3880 ab
1360 3817 1600 3879 Iudaeis
1631 3819 1952 3889 detentus;
1993 3816 2092 3875 ille
2122 3826 2341 3887 autem,
2372 3814 2541 3891 quod
2569 3824 2691 3874 erat
2717 3831 2838 3872 cum
2861 3808 2969 3885 ipso

508 3937 584 3991 30
616 3921 941 3981 secundum
971 3916 1341 3995 praedictam
1371 3936 1613 3976 causam
1627 3918 1679 3975 †.

720 4177 776 4209 re·
812 4161 958 4225 igitur
983 4160 1096 4223 (sor
1117 4156 1254 4221 ergo)
1285 4158 1328 4206 C
1572 4174 1588 4207 ι
1601 4172 1628 4220 3
1664 4158 1956 4207 naturaliter
1980 4155 2094 4220 (for
2114 4158 2311 4216 natura)
2344 4156 2388 4204 C
2604 4168 2677 4216 15,
2706 4164 2757 4214 ¹7
2777 4145 2971 4214 quoniam

616 4241 730 4305 [jur
752 4245 888 4305 quia}
916 4242 959 4290 C
1073 4254 1129 4303 15
1164 4247 1308 4289 utero
1331 4241 1449 4305 (for
1468 4238 1662 4305 uentre)
1693 4242 1737 4289 C
1837 4238 1895 4289 16
1917 4239 2004 4304 qui
2028 4239 2142 4304 (for
2160 4238 2298 4303 quia)
2329 4238 2373 4286 C
2403 4237 2457 4285 V
2548 4238 2606 4286 18
2628 4251 2688 4285 eo
2711 4228 2916 4298 (forillo)
2940 4226 2975 4275 C

624 4341 680 4389 ¹¹]
712 4325 983 4373 seeundum
1004 4322 1237 4371 affectum
1268 4322 1312 4370 C

720 4429 740 4450 ¹*
780 4429 938 4489 [nuh.
970 4428 1056 4475 xii.
1094 4426 1157 4488 ι].
1289 4425 1323 4479 †
1358 4427 1409 4475 S.
1446 4427 1589 4489 Cyril
1619 4428 1777 4476 adds:
1813 4426 2073 4489 “Insuper
2101 4434 2266 4475 autem
2292 4423 2372 4473 his
2388 4424 2536 4473 infert
2560 4421 2722 4472 statim
2744 4416 2970 4485 procedens

616 4509 748 4573 qum!
776 4507 1032 4557 crucifixus
1054 4507 1206 4554 homo
1231 4515 1332 4555 erat
1357 4507 1548 4556 habens
1575 4509 1740 4557 Deum
1763 4505 2181 4555 inhabitantem.”
2249 4504 2329 4554 Cf.
2356 4503 2516 4567 infra,
2547 4519 2596 4569 p.
2626 4517 2732 4566 314,
2755 4503 2779 4559 §
2802 4515 2836 4549 2.

3081 4874 3084 5054 Φ
