3142 5100
112 343 116 354 ⁴
221 336 264 398 68
561 350 790 404 aaeonoxus
813 351 1106 404 mopsuestenus
1298 335 1341 421 [Ι.
1360 353 1387 414 ι,
1403 352 1432 398 2.
1489 355 1495 359 ·

222 521 289 584 tico
313 522 429 586 ordine
454 523 665 606 deputantur,
686 524 739 587 uel
766 525 950 589 ministerio
973 524 1109 606 iungere
1132 524 1295 587 uidentur.
1340 520 1431 604 quod

222 635 255 687 et
271 627 460 689 cautissime
478 627 653 709 explicans
674 628 832 692 instruxit
848 649 924 691 eum
943 630 986 691 de
1006 627 1070 691 illis
1092 648 1179 710 quae
1199 626 1431 710 presbyterum

222 747 329 810 agere,
346 750 431 812 quae
454 729 507 794 uel
531 733 718 808 diaconum,
742 732 859 816 quales
879 735 981 797 etiam
1004 734 1181 797 conueniat
1199 752 1272 795 esse
1294 732 1432 808 uiduas;

223 839 257 895 et
278 832 321 895 de
343 833 460 896 ceteris
483 834 632 898 similiter
654 835 809 899 omnibus
831 856 871 900 ea
893 856 980 919 quae
999 835 1243 900 conueniebant
1265 835 1431 898 instruens

192 951 309 1018 5eum,
333 937 514 1020 perfectam
541 940 575 1002 in
600 940 672 1023 ipsa
692 940 834 1023 epistola
856 942 1044 1005 doctrinam
1067 942 1158 1004 uisus
1178 948 1230 1002 est
1251 939 1432 1021 depromp

223 1038 315 1103 sisse.
358 1053 563 1107 memoratus
586 1065 666 1108 uero
690 1055 742 1110 est
766 1055 801 1110 et
825 1048 991 1131 quaedam
1012 1048 1056 1111 de
1082 1048 1241 1129 dogmate
1262 1044 1295 1106 in
1319 1044 1431 1108 media

223 1153 317 1223 parte
338 1147 508 1228 epistolae,
526 1149 569 1212 de
588 1150 707 1232 quibus
730 1151 782 1214 uel
807 1154 956 1217 maxime
979 1154 1199 1216 necessarium
1224 1151 1286 1214 sibi
1309 1150 1430 1214 doetri-

223 1268 301 1312 nam
317 1270 389 1314 esse
405 1253 632 1335 perspiciebat.
679 1254 759 1317 nihil
775 1276 854 1319 uero
870 1277 915 1319 ex
939 1256 1004 1319 illis
1024 1255 1155 1339 reliquit
1170 1275 1257 1338 quae
1277 1255 1320 1318 ad
1340 1274 1431 1318 com-

223 1374 323 1418 mune
339 1367 571 1421 ornamentum
588 1359 751 1441 pertinere
766 1368 931 1441 poterant,
947 1361 975 1423 si
990 1370 1105 1423 tamen
1126 1359 1200 1441 quis
1222 1359 1345 1440 scripta
1360 1360 1431 1423 eius

171 1470 211 1519 10
223 1477 299 1521 cum
314 1461 518 1541 competenti
537 1459 667 1525 cautela
687 1461 740 1525 uel
761 1460 870 1544 legere
890 1462 942 1526 uel
963 1464 1129 1529 custodire
1151 1462 1301 1526 uoluerit.
1345 1461 1432 1527 hanc

223 1562 322 1645 igitur
336 1561 513 1645 epistolam
530 1584 605 1627 meo
620 1565 742 1630 iudicio
757 1588 874 1630 omnes
889 1569 1079 1632 cautissime
1094 1569 1269 1651 episcopos
1285 1568 1431 1632 ediscere

222 1670 460 1746 conueniebat;
491 1672 537 1733 sic
560 1673 649 1734 enim
673 1672 850 1755 diligenter
876 1675 1026 1738 instructi
1051 1693 1251 1756 cognoscere
1275 1681 1431 1754 poterant

222 1774 377 1839 ecclesias
408 1775 545 1841 Domini
576 1778 641 1842 Dei
671 1781 854 1843 secundum
878 1790 916 1844 ut
937 1781 1059 1843 decens
1082 1787 1133 1842 est
1157 1778 1210 1841 uel
1236 1797 1350 1859 regere
1375 1776 1430 1839 uel

222 1877 424 1960 dispensare,
445 1880 534 1944 beati
557 1881 650 1946 Pauli
675 1883 805 1967 legibus
832 1883 1057 1946 inseruientes.
1101 1902 1141 1944 ea
1164 1882 1253 1944 enim
1279 1901 1367 1962 quae
1387 1879 1430 1942 ad

170 1995 204 2062 15
222 1981 438 2049 Timotheum
457 1997 536 2050 tunc
559 1987 689 2067 scripsit
711 1986 900 2070 relinquens
922 2006 998 2068 eum
1024 1984 1157 2068 Ephesi,
1178 1984 1334 2047 omnibus
1353 2003 1430 2047 eum

222 2086 369 2152 ecclesiis
398 2111 484 2173 quae
513 2091 696 2154 secundum
726 2089 846 2153 Asiam
873 2109 946 2153 esse
976 2089 1176 2152 uidebantur
1212 2107 1429 2170 praeponens,

220 2192 305 2258 haec
330 2196 422 2258 omni
449 2196 607 2279 episcopo
633 2195 690 2278 qui
716 2193 890 2257 ecclesiam
916 2192 981 2256 Dei
1005 2194 1149 2257 creditus
1172 2202 1223 2255 est
1245 2190 1430 2273 gubernare

221 2299 329 2382 aptari
353 2320 452 2382 posse
480 2319 578 2362 nemo
601 2299 739 2362 dubitet.
785 2297 974 2379 incipienda
1000 2297 1080 2379 ergo
1105 2304 1156 2360 est
1180 2293 1236 2357 illa
1262 2294 1431 2376 expositio

222 2423 324 2485 quam
345 2423 404 2485 per
425 2412 538 2485 partes
560 2401 719 2484 expedire
743 2420 805 2462 nos
831 2400 997 2476 conuenit,
1018 2420 1058 2464 eo
1081 2397 1172 2482 quod
1195 2408 1430 2481 argumentum

166 2517 210 2568 20
223 2506 256 2570 in
271 2505 361 2572 hisce
376 2508 574 2573 sufficienter
589 2528 610 2571 a
625 2506 721 2570 nobis
736 2525 933 2590 expressum
949 2505 1081 2569 uidetur
1095 2525 1176 2570 esse.

287 2677 417 2769 Raulus
431 2679 591 2762 apostolus
612 2676 739 2744 Christi
755 2678 831 2742 Iesu
849 2676 1022 2741 secundum
1043 2676 1214 2761 imperium
1233 2674 1302 2739 Dei
1321 2674 1429 2738 salua-

223 2782 303 2846 toris
316 2783 427 2860 nostri,
442 2792 475 2846 et
493 2782 618 2850 Christi
635 2783 717 2860 Iesu,
733 2783 801 2866 spei
820 2793 969 2847 nostrae:
996 2780 1159 2846 Timotheo
1179 2780 1348 2846 carissimo
1354 2777 1432 2861 filio

223 2885 258 2949 in
273 2885 352 2968 fide,
371 2886 496 2967 gratia,
521 2886 751 2962 misericordia,
769 2897 842 2970 pax
862 2907 885 2949 a
906 2885 975 2949 Deo
993 2896 1090 2969 patre
1114 2894 1222 2950 nostro
1245 2894 1277 2949 ct
1304 2881 1431 2949 Christo

217 2988 296 3075 *Iesu
311 2989 440 3054 domino
454 3002 570 3055 nostro.
924 2998 930 3007 '

166 3153 205 3219 25
286 3134 418 3199 uidetur
439 3137 558 3201 beatus
582 3136 704 3201 Paulus
725 3137 758 3201 in
782 3136 1042 3220 praescriptione
1064 3136 1248 3220 praesentis
1268 3135 1431 3219 epistolae

221 3249 337 3303 contra
368 3261 461 3304 suam
489 3241 764 3305 consuetudinem
794 3241 955 3329 adiecisse
984 3237 1053 3324 [ad]
1080 3240 1223 3322 gratiam
1250 3248 1286 3303 et
1311 3260 1428 3322 pacem

220 3342 516 3421 ‘misericordiam'
532 3345 575 3408 ab
591 3344 710 3408 affectu
727 3344 844 3407 maiori
860 3364 960 3427 quem
977 3364 1057 3426 erga
1071 3341 1288 3406 Timotheum
1307 3339 1431 3403 habere

272 3548 281 3581 ι
301 3532 371 3597 iungi
392 3532 415 3582 C
436 3532 511 3592 (corr)
533 3546 550 3581 r
716 3546 729 3581 a
749 3531 847 3581 instruit
859 3528 902 3595 ’πΙ
916 3546 981 3595 quae
997 3531 1102 3581 deceant
1121 3527 1203 3593 presb.
1228 3526 1399 3593 quaeuediac.
1418 3543 1435 3576 r

221 3616 450 3679 3conueniantC'
556 3614 739 3679 5eumomr}
754 3615 890 3680 perfectum
905 3613 940 3664 C'
1049 3613 1237 3663 8c0mmunem
1251 3611 1317 3660 CH
1416 3624 1433 3675 9

219 3698 263 3762 qui
279 3698 314 3746 H
408 3714 435 3749 11
454 3715 486 3749 eo
505 3698 562 3763 (jor
577 3699 644 3758 meo)
661 3698 695 3747 H
798 3696 827 3747 16
843 3697 1062 3747 uidebanturesse
1078 3693 1111 3758 κΙ
1126 3709 1269 3760 proponens
1286 3711 1302 3743 r
1402 3696 1432 3744 18

218 3779 290 3828 altari
313 3777 458 3841 C'Hlest
475 3795 535 3843 ergo
554 3795 571 3827 r
677 3793 709 3828 ιο
728 3793 782 3828 esse
799 3778 898 3828 uidetur
916 3793 933 3825 r
1042 3790 1074 3839 23
1090 3775 1186 3840 gratiae
1207 3774 1229 3824 C
1270 3774 1384 3839 gratiae
1403 3772 1437 3822 H

220 3862 253 3912 26
269 3862 300 3910 ad
319 3877 359 3910 νινι
381 3861 444 3911 CH
445 3878 462 3911 r
477 3859 481 3926 Ι
496 3861 601 3925 gratiam
618 3868 643 3911 et
666 3875 754 3926 pacem
773 3868 849 3924 atque
867 3859 922 3909 mis.
946 3876 963 3908 r
1075 3870 1106 3921 27
1123 3857 1157 3908 ob
1176 3857 1293 3909 affectum
1312 3857 1433 3908 maiorem

223 3942 245 3992 C
275 3942 309 3991 ob
325 3941 440 3992 affectum
455 3942 578 3991 maiorer

254 4106 291 4157 16.
326 4122 389 4170 quae
407 4122 451 4155 sec·
469 4106 559 4154 Asiam
574 4121 622 4154 esse
638 4104 800 4166 ιιίιί.]·-·ταΐι
851 4107 987 4168 ‘germano
996 4098 1012 4161 ;'
1029 4099 1116 4165 Vulg„
1133 4097 1279 4149 “dilecto''
1313 4098 1354 4148 Cf.
1371 4109 1390 4149 1.
1406 4114 1434 4164 p.

219 4190 274 4241 κατ’
297 4191 385 4238 Ἀσίαν
407 4188 553 4249 ἐκκλησίαις.
599 4187 652 4251 Qui
669 4186 723 4236 eccl.
746 4186 801 4235 Dei
851 4200 906 4249 245,
927 4185 944 4234 l.
966 4187 1004 4244 18,
1021 4191 1089 4233 note.
1123 4183 1223 4244 Nostro,
1241 4197 1271 4232 so
1288 4182 1436 4244 Ambrstr.;

217 4270 324 4319 creditus
341 4276 375 4318 est
392 4268 560 4333 gubernare:
572 4264 584 4316 ὃ
603 4266 649 4327 τὴν
666 4268 798 4326 ἐκκλησίαν
849 4266 916 4326 ἡμῶν
928 4266 949 4316 is
960 4264 1039 4315 t'ouud
1050 4265 1076 4314 in
1090 4263 1179 4327 Chrys,
1193 4262 1244 4312 and
1255 4261 1333 4313 Thdt

216 4356 259 4403 τοῦ
273 4355 329 4403 θεοῦ
342 4354 432 4401 διέπειν
445 4352 643 4409 πεπιστευμένοι.
881 4360 920 4409 ιγ.
954 4346 985 4395 ab
995 4346 1082 4412 affectu
1093 4344 1196 4405 maim]
1219 4344 1254 4394 So
1269 4343 1371 4407 Chrys,
1386 4344 1437 4394 foi·

251 4450 289 4486 ππ.
331 4432 613 4494 τανὶκιίνιο1τ-γνησίῳ.
656 4431 792 4490 Αωὶιιεικ..
847 4430 931 4480 lowed
949 4430 984 4495 by
1006 4428 1069 4479 Oec.
1092 4428 1142 4477 aud
1165 4426 1275 4493 Thpht.;
1301 4426 1335 4476 he
1357 4426 1434 4488 adds,
