3142 5100
267 411 329 477 322
748 412 939 464 nrrnnntx
962 415 994 465 A.

265 592 389 657 certare,
402 581 517 648 insidiis
531 605 584 647 eos
599 596 629 647 et
642 584 893 648 machinamentis
906 587 1014 665 quibus
1027 599 1157 666 possunt
1170 597 1319 648 conantur
1332 594 1477 646 euertere

265 678 446 757 scripserunt
460 683 541 745 enim
555 683 612 761 ipsi
625 682 703 744 inter
716 703 749 746 se
762 685 869 762 procul
883 684 976 746 dubio
986 687 1135 763 quaedam
1145 684 1250 762 inepta
1263 702 1343 761 quae
1356 678 1479 741 anobis

265 796 409 855 nmquam
426 779 551 842 minime
567 781 744 843 dicerentur.
788 783 920 859 denique
941 784 1017 844 haec
1038 784 1104 860 ipsa
1126 782 1158 842 in
1180 782 1283 843 medio
1304 790 1479 840 nostrorum

265 874 443 954 scriptorum
457 878 488 939 in
502 880 635 957 quadam
648 891 733 958 parte
750 879 991 957 interposuerunt
1010 892 1040 940 et
1061 880 1122 941 suis
1140 879 1336 941 familiaribus
1354 879 1480 938 demon·

235 980 442 1049 §strauerunt
456 976 619 1054 aliquando
633 988 733 1038 autem
756 989 785 1038 et
802 978 911 1038 nostris
930 976 981 1054 qui
997 996 1051 1054 per
1071 977 1244 1036 facilitatem
1267 995 1353 1035 suam
1375 972 1481 1033 omnia

265 1067 368 1145 pronis
384 1056 505 1134 auribus
523 1071 704 1148 audiebant;
725 1084 756 1133 et
777 1074 837 1133 hoc
859 1072 945 1150 quasi
968 1074 1192 1145 documentum,
1216 1071 1293 1132 sicut
1318 1071 1480 1148 putabant,
1555 1146 1556 1149 Ἴ

265 1176 385 1229 nostrae
403 1168 563 1248 impietatis
581 1170 753 1232 uidentibus
774 1171 967 1248 praebebant
1010 1189 1104 1230 unum
1125 1181 1225 1230 autem
1243 1189 1281 1230 ex
1296 1168 1344 1228 his
1361 1166 1482 1244 sen'ptis

266 1274 328 1324 erat
351 1266 429 1327 duos
453 1269 529 1330 lilios
551 1269 659 1330 dicere
702 1268 747 1328 sic
768 1267 850 1329 enim
873 1288 930 1329 nos
947 1269 1081 1329 fecerunt
1100 1267 1131 1327 in
1152 1269 1212 1328 hoc
1229 1286 1321 1345 opere
1340 1264 1481 1327 dicentes

265 1365 350 1441 quod
374 1378 510 1444 oporteat
531 1377 636 1445 putare
657 1377 687 1426 et
708 1365 808 1428 dicere
831 1367 908 1426 duos
930 1364 1015 1440 filios,
1037 1375 1068 1426 et
1091 1366 1285 1426 uehementer
1307 1383 1366 1423 nos
1388 1362 1481 1422 istum

218 1477 255 1518 ιο
266 1481 435 1526 sermonem
445 1465 619 1539 defendere3
640 1465 714 1525 dum
728 1484 784 1525 nos
799 1464 831 1524 in
846 1463 896 1524 illa
910 1464 1053 1541 scriptura
1067 1462 1178 1541 ubique
1193 1462 1353 1523 manifeste
1368 1460 1482 1521 dicere

266 1581 333 1622 mus
347 1564 431 1638 quod
444 1581 506 1623 non
520 1573 658 1640 oporteat
672 1562 748 1623 duos
762 1562 839 1622 filios
854 1561 960 1623 dicere
1003 1581 1126 1622 necesse
1140 1572 1202 1623 erat
1216 1579 1288 1637 ergo
1302 1578 1367 1619 non
1382 1560 1480 1619 solum

265 1657 370 1738 inepta
393 1662 447 1722 sed
469 1661 559 1723 etiam
581 1661 697 1722 infirma
718 1660 770 1722 illa
796 1661 907 1739 scripta
935 1660 1123 1722 audientibus
1151 1661 1304 1737 adparere,
1334 1656 1482 1737 quoniam

265 1776 366 1835 neque
382 1760 466 1819 firma
479 1758 594 1820 ratione
608 1779 708 1837 neque
722 1758 916 1820 conuenienti
931 1761 990 1819 hoc
1005 1758 1146 1836 possibile
1160 1768 1223 1819 erat
1237 1756 1376 1830 ostendi3
1398 1768 1429 1814 et
1444 1754 1482 1814 ab

267 1853 324 1913 illis
339 1852 450 1916 idcirco
464 1853 607 1916 infirmius
621 1867 684 1916 erat
692 1854 905 1934 conscriptum,
917 1867 1065 1933 quatenus
1074 1854 1125 1916 ille
1132 1855 1185 1933 qui
1195 1854 1356 1932 scripserat
1365 1851 1483 1912 facilius

219 1960 254 2023 15
267 1949 340 2014 inde
352 1953 492 2015 conuinci
506 1955 661 2033 potuisset
705 1976 782 2017 unus
794 1975 863 2033 ergo
874 1975 911 2017 ex
921 1955 1029 2017 nostris
1038 1967 1158 2033 propter
1169 1956 1295 2014 multam
1306 1951 1482 2012 facilitatem
1555 1982 1556 1985 ¹

267 2048 343 2109 haec
356 2062 458 2111 nostra
472 2071 537 2112 esse
557 2051 685 2113 credidit
702 2053 820 2131 scripta,
841 2064 871 2114 et
889 2053 977 2113 huius
995 2051 1037 2114 rei
1053 2052 1146 2130 gratia
1164 2051 1273 2128 dignus
1290 2050 1352 2109 fide
1369 2044 1484 2108 abillis

267 2146 398 2209 creditus
416 2162 461 2210 est
482 2150 534 2226 qui
552 2150 609 2210 ista
633 2152 798 2229 perlegeret
808 2172 817 2224 ;
839 2162 870 2211 et
891 2150 1073 2212 renuntiauit
1089 2148 1178 2210 nobis
1201 2169 1239 2209 ea
1260 2167 1338 2225 quae
1365 2149 1483 2206 fuerant

266 2246 384 2326 scripta
428 2269 497 2310 cum
516 2269 586 2328 ergo
604 2250 799 2323 audissemus,
821 2250 1011 2327 culpauimus
1027 2249 1149 2327 quidem
1169 2246 1263 2320 illum,
1278 2246 1363 2323 quod
1379 2255 1484 2306 eontm

267 2364 324 2406 nos
338 2345 426 2406 dictis
440 2347 628 2408 sermonibus
643 2347 819 2409 credidisset
833 2349 873 2408 de
886 2347 932 2406 his
946 2347 1034 2407 rebus
1049 2364 1123 2422 quas
1138 2346 1257 2423 saepius
1271 2342 1344 2404 etin
1356 2342 1485 2403 ecclesia

216 2457 257 2500 σο
268 2453 299 2503 et
312 2442 453 2520 priuatim
467 2444 600 2506 dicentes
614 2466 671 2507 nos
685 2446 811 2520 audiuit,
825 2464 895 2506 cum
909 2444 1074 2506 fideliorem
1089 2443 1208 2522 scriptis
1222 2453 1359 2504 nostram
1373 2459 1483 2500 uocem
1555 2424 1556 2461 Ὗ

267 2540 400 2604 iudicare
418 2543 553 2607 debuerit
571 2547 611 2607 ad
629 2547 847 2608 documentum
863 2557 983 2608 nostrae
1000 2543 1166 2607 sententiae
1185 2563 1277 2622 quam
1291 2539 1323 2602 in
1337 2537 1486 2619 dogmati

268 2640 326 2700 bus
340 2651 444 2702 uotum
458 2653 593 2704 nostrum
604 2654 651 2704 est
663 2663 849 2705 conseruare.

595 2862 654 2921 ΙΙΙ.
698 2860 885 2922 AGAINST
914 2859 1151 2922 EUNOMIUS.

320 2990 380 3042 Fac.
399 2989 434 3040 ix.
452 3006 479 3056 3:
505 2993 524 3019 ‘⁶
530 2993 564 3042 ab
582 2993 631 3043 hoc
649 3008 724 3057 opere
735 2994 783 3042 ·De
797 2994 975 3042 [mentatione
996 2992 1028 3042 ad
1050 2991 1119 3041 aliud
1136 2990 1206 3055 quod
1222 2997 1311 3040 contra
1328 2988 1487 3039 Eunomium

270 3072 350 3124 edidit
368 3072 548 3124 transeamus-'³
582 3074 656 3124 Phot.
677 3073 731 3124 bibi
751 3074 807 3124 cod.
830 3089 859 3136 4:
890 3074 1034 3137 ἀνεγνώσθη
1051 3073 1175 3135 θεσδώρου
1189 3070 1335 3133 Ἀντιοχέως
1354 3072 1418 3133 ὑπὲρ
1438 3072 1487 3120 Bn-
1555 3079 1556 3112 l

270 3155 363 3203 σιλείου
376 3156 439 3204 κατὰ
453 3155 571 3216 stromat
587 3157 613 3205 ἐν
629 3156 711 3219 λόγοις
727 3153 810 3206 κε’,..σ“
824 3156 850 3205 δέ
867 3156 1039 3219 Μσψσυεστίας
1055 3153 1162 3216 ’γεγονὼς
1178 3156 1309 3204 ἐπίσκοπος
1326 3150 1395 3203 οὗτός
1410 3156 1488 3209 ἐστο,

270 3237 346 3296 οἶμαι.
378 3235 417 3285 lb.
433 3237 490 3287 cod.
509 3249 569 3300 177:
594 3238 660 3287 ἔστιν
675 3240 720 3296 μὲν
736 3234 1103 3300 σῦτσςσθεόὃωρσςὸκσὶςστ)
1116 3233 1389 3294 Edronioutrt'mln'
1404 3238 1489 3298 λόγως

271 3317 314 3366 οὐκ
325 3318 430 3379 apennis
440 3319 628 3379 ἀγωνισάμενος,
639 3320 684 3379 τὴν
696 3319 827 3368 Βασιλείσυ
836 3320 881 3367 roi
893 3319 1025 3367 θεσπεσίου
1035 3320 1130 3378 μᾶλλον
1143 3318 1169 3366 δὲ
1179 3317 1222 3376 τῆς
1235 3317 1352 3375 ἀληθείας
1362 3321 1489 3379 :partim

272 3397 352 3458 δόξαν.
386 3398 507 3449 Leontius
520 3398 569 3465 (ap.
584 3401 646 3457 Mai,
660 3402 733 3466 299):
750 3401 781 3449 τά
793 3418 821 3448 re
835 3398 897 3461 ὒτὲρ
911 3401 1027 3459 Εὐνομίου
1041 3400 1103 3448 κατὰ
1118 3399 1247 3447 Boucheion
1261 3401 1305 3447 τοῦ
1321 3401 1395 3447 πάνυ·
1414 3399 1490 3448 οὕτως
1555 3423 1556 3476 p

270 3480 321 3541 γὰρ
336 3480 385 3542 ἐγὼ
399 3482 467 3530 καλῶ
478 3485 523 3543 τὴν
537 3481 616 3543 πάσης
628 3483 774 3545 κατηγορίας
784 3485 877 3544 μεστὴν
889 3478 950 3544 ὑπὲρ
961 3484 1035 3531 αὐτοῦ
1046 3482 1188 3542 ἀπολογίαν.
1220 3479 1348 3544 EbedJesu
1360 3482 1490 3531 mentions

270 3563 411 3628 separately
421 3571 472 3614 two
482 3564 595 3614 uolumes
609 3565 708 3630 against
724 3564 863 3615 Eunomius
878 3564 929 3613 and
941 3580 991 3614 one
1001 3564 1101 3614 volume
1120 3564 1145 3612 in
1161 3562 1265 3613 defence
1282 3562 1312 3612 of
1326 3563 1412 3622 Bssi13
1437 3563 1489 3612 and

269 3641 293 3707 J.
309 3640 336 3692 S.
348 3642 481 3693 Assemani
492 3644 576 3695 builds
586 3661 656 3710 upon
666 3646 716 3695 this
727 3644 900 3695 enumeration
911 3645 1047 3710 compared
1063 3644 1123 3694 with
1135 3644 1178 3693 the
1192 3643 1268 3708 slight
1284 3643 1452 3709 discrepancy
1461 3644 1488 3694 in
1555 3685 1556 3710 p

272 3723 346 3776 Phot.
371 3725 446 3775 codd.
467 3744 490 3787 4,
512 3739 557 3791 177
575 3727 619 3778 the
637 3727 796 3794 improbable
817 3726 961 3792 conjecture
982 3728 1038 3777 that
1058 3726 1191 3776 Theodore
1208 3733 1288 3776 wrote
1310 3733 1362 3775 two
1384 3727 1490 3776 distinct
1555 3717 1556 3744 l

272 3808 357 3860 works
367 3823 436 3874 upon
446 3809 489 3859 the
499 3807 604 3874 subject

809 3961 952 4020 Boorcrt

458 4081 542 4166 [Fac.
556 4083 595 4145 in
611 4103 629 4161 3
647 4083 679 4164 (“
690 4095 796 4145 contra
809 4081 1154 4145 Eunomium...deeimo
1166 4081 1242 4143 libro
1252 4078 1305 4164 ”)].

337 4199 453 4261 Omnes
467 4199 548 4260 enim
567 4198 673 4261 Iudaei
691 4208 852 4259 uenturum
871 4196 1023 4258 Christum
1042 4214 1079 4256 ex
1100 4194 1284 4274 propheticis
1298 4196 1430 4258 uocibus
1442 4217 1492 4258 ex·

275 4297 445 4373 pectebant,
464 4315 606 4375 magnum
621 4296 774 4374 quendam
789 4306 820 4357 et
832 4297 996 4355 multorum
1012 4294 1159 4356 bonorum
1176 4291 1219 4354 eis
1239 4304 1398 4355 auctorem
1418 4297 1492 4355 suns

227 4405 351 4469 astum·
403 4404 583 4472 quapropter
608 4393 810 4472 interrogante
840 4391 967 4477 Herode
996 4400 1067 4470 post
1100 4408 1256 4468 magorum
1287 4391 1491 4470 praesentiam
1555 4413 1556 4468 3

278 4488 389 4550 scribas
408 4501 438 4551 et
457 4491 633 4556 Pharisaeos
650 4494 703 4554 ubi
720 4493 857 4555 Chn'stus
869 4496 1039 4565 nasceretur,
1053 4489 1272 4570 responderunt
1285 4485 1330 4550 illi
1344 4502 1376 4553 et
1389 4491 1491 4554 locum
1555 4479 1556 4534 ἒ
