3142 5100
98 367 191 450 Μ,
208 371 247 456 5.]
439 390 480 439 1u
504 390 556 442 aa
579 392 631 441 an
652 389 888 444 rmornnuu
912 392 935 443 1.
1229 394 1288 459 143

97 566 126 620 et
152 563 350 626 necessarius
378 573 413 629 et
441 575 552 648 aptus.
606 576 742 630 accusat
770 587 852 631 uero
880 589 939 631 eos
968 566 1111 651 grauius,
1143 567 1291 631 adiciens

95 680 157 721 cum
178 664 369 743 gratteram
397 668 527 735 acteone.
572 689 652 732 nam
681 671 758 734 ideo
788 670 896 735 factae
926 680 1004 735 sunt
1031 692 1127 735 escae
1150 680 1188 734 ut
1213 691 1290 735 cum

94 762 262 841 gratiarum
286 769 417 832 actione
439 771 665 857 unusquisque
691 793 748 836 eas
768 773 924 850 insumat,
946 774 1071 837 etenim
1093 773 1217 838 iustum
1240 782 1292 837 est

95 883 144 926 eos
164 869 218 948 qui
243 869 396 936 fruuntur
416 873 498 948 illas,
517 874 654 955 gratias.
731 895 765 937 re
786 876 817 937 ei
838 876 893 957 qui
917 896 974 938 eas
996 875 1114 958 largire
1134 875 1291 958 dignatus

94 982 142 1035 est
184 977 241 1039 sed
262 977 327 1040 hoc
346 998 413 1041 non
437 978 479 1041 de
501 895 761 1055 omnibusffliit,
778 980 836 1043 sed
860 980 903 1043 de
918 979 998 1043 solis
1014 978 1167 1046 fidelibus
1183 979 1291 1061 loqui·
1327 988 1343 1055 5

93 1087 139 1142 tur
147 1104 155 1158 ;
188 1102 266 1146 nam
298 1081 447 1146 infideles
477 1102 538 1145 nec
574 1084 755 1165 gratiarum
788 1084 956 1147 actionem
993 1084 1132 1148 reddere
1173 1083 1290 1146 sciunt.

93 1180 193 1264 itaque
215 1185 279 1247 etsi
304 1204 364 1267 pro
388 1185 516 1248 ratione
537 1184 759 1268 opificationis
780 1186 814 1248 iu
838 1205 1015 1248 commune
1036 1186 1191 1249 omnibus
1210 1203 1291 1247 usus
1369 1209 1377 1223 ·

92 1302 227 1347 escarum
255 1287 445 1368 propositus
469 1308 542 1350 esse
572 1288 712 1365 uidetur,
747 1288 806 1351 sed
828 1298 865 1350 ut
889 1297 1022 1370 oportet
1052 1287 1291 1352 conuenienter

91 1388 151 1453 lieri
172 1392 324 1456 fidelibus
348 1392 454 1473 magis
477 1392 609 1455 uidetur
630 1412 728 1474 posse
753 1391 869 1473 aptari.
916 1391 1056 1455 multam
1081 1411 1161 1473 ergo
1181 1390 1290 1471 praui-

91 1501 183 1555 tatem
205 1513 320 1556 eorum
345 1514 404 1575 per
418 1492 482 1555 hoc
505 1495 652 1557 ostendit
678 1494 834 1576 quicum
857 1495 981 1577 gratias
1005 1513 1104 1575 agere
1128 1493 1290 1557 deberent
1306 1505 1346 1552 10

91 1616 142 1677 pro
169 1595 287 1679 largita
318 1597 379 1660 sibi
411 1597 530 1678 requie,
555 1607 665 1660 utrum
697 1599 866 1660 insumant
891 1617 947 1661 eas
974 1606 1085 1660 utrum
1110 1617 1147 1660 se
1172 1598 1216 1660 ab
1242 1598 1290 1659 eis

89 1701 279 1778 contineant„
304 1710 422 1783 utpote
445 1701 566 1779 fideles,
589 1704 795 1765 econtrario
814 1703 968 1765 incusant
991 1722 1084 1780 escas
1104 1701 1197 1783 quod
1221 1720 1288 1763 non

89 1805 148 1868 sint
174 1807 259 1870 bene
289 1805 397 1870 laetae
426 1814 460 1870 et
490 1799 587 1870 usum
623 1827 737 1871 earum
776 1807 850 1890 lege
890 1806 1087 1870 adnituntur
1126 1804 1289 1868 abdicare

87 1907 194 1973 deinde
209 1912 325 1974 dicens
340 1911 419 1992 quia
434 1932 454 1974 a
471 1911 545 1974 Deo
562 1911 669 1974 laetae
685 1921 771 1985 sunt,
789 1921 1031 1994 consequenter
1046 1911 1187 1975 adiecit:

145 2072 220 2153 quia
235 2071 342 2135 omnes
355 2082 503 2136 creatura
518 2072 586 2135 Dei
598 2072 688 2150 bona,
703 2083 734 2135 et
745 2072 834 2136 nileil
846 2072 1050 2137 reiciendum.
1307 2093 1341 2160 15

144 2204 445 2284 ‘quemadmodum
473 2203 606 2286 (inquit)
640 2204 846 2267 incusatione
877 2204 1019 2287 dignum
1049 2202 1155 2285 possit
1185 2202 1290 2266 uideri

86 2302 168 2381 illud,
199 2328 220 2370 a
257 2307 331 2370 Deo
368 2305 536 2370 sactum?'
581 2307 666 2370 bene
701 2318 815 2371 autem
848 2307 928 2372 illud
962 2307 1162 2391 generaliter
1193 2307 1291 2383 dixit,

85 2410 236 2490 quoniam
267 2409 373 2474 omnes
394 2422 542 2476 creatura
572 2411 639 2476 Dei
666 2412 748 2476 bona
772 2422 828 2490 est,
849 2422 881 2476 et
903 2412 992 2476 nihil
1011 2422 1059 2475 est
1087 2411 1290 2476 reiciendum.

84 2514 189 2577 omnia
204 2523 319 2578 autem
335 2513 429 2579 utilia
445 2525 541 2594 sunt;
562 2516 675 2599 itaque
699 2526 732 2580 et
748 2515 805 2579 illa
828 2516 963 2599 quaein
985 2537 1082 2580 usum
1097 2537 1193 2580 escae
1208 2517 1290 2581 data

86 2627 159 2681 sunt
182 2638 253 2682 non
272 2627 351 2682 sunt
375 2618 550 2698 reicienda,
567 2621 625 2684 sed
648 2620 760 2702 potius
781 2621 979 2702 recipienda,
1003 2641 1043 2684 eo
1059 2621 1149 2703 quod
1172 2641 1192 2683 a
1215 2620 1290 2684 Deo
1304 2638 1347 2687 20

83 2720 144 2785 sint
166 2724 209 2786 ad
234 2721 298 2787 hoc
321 2722 417 2787 lacta
463 2724 584 2787 adiecit
606 2735 720 2787 autem
743 2726 864 2788 iterum
886 2734 920 2787 et
944 2726 1082 2789 modum
1105 2725 1290 2788 secundum

82 2845 176 2907 quem
191 2834 326 2908 oportet
341 2827 478 2891 eosdem
494 2848 588 2890 escas
604 2827 769 2891 insumere
784 2849 792 2890 z

140 2994 296 3077 quonum
309 3016 383 3058 cum
392 2995 586 3077 gratteram
602 2994 725 3060 acteone
730 2995 917 3078 percipitur.

140 3124 263 3188 deinde
278 3125 380 3189 adicit
396 3133 429 3189 et
445 3127 535 3209 quod
552 3147 597 3189 ex
614 3124 678 3188 illis
693 3123 822 3189 lucmm
838 3126 945 3209 possit
965 3126 1118 3190 adnasci:

140 3267 366 3350 sanctfficatur
379 3279 487 3333 autem
495 3281 558 3352 per
571 3269 704 3335 uerbum
719 3268 787 3334 Dei
799 3279 832 3334 et
844 3269 1030 3333 orationem.
1306 3292 1325 3339 2
1328 3290 1345 3358 5

141 3398 239 3457 ‘nam
269 3396 452 3479 insumptio
481 3417 640 3474 escarum,
666 3399 803 3481 quando
833 3418 910 3461 cum
940 3397 1122 3480 gratiarum
1152 3395 1293 3461 efficitur

127 3577 137 3611 1
156 3561 259 3610 edicens
271 3561 305 3609 H
414 3580 430 3623 4
446 3560 496 3609 illis
510 3561 554 3610 Cr
566 3557 571 3624 Ι
585 3559 670 3624 largiri
687 3560 709 3609 C
716 3562 791 3622 (corr)
803 3575 820 3609 r
918 3557 934 3608 6
951 3560 1078 3610 actionum
1092 3561 1115 3610 C
1120 3558 1134 3586 ⁴*
1153 3560 1251 3610 actione
1262 3560 1297 3609 H

79 3652 92 3701 7
107 3640 282 3705 opinationes
291 3641 314 3690 C
321 3639 336 3667 '⁵
460 3642 476 3689 8
494 3639 546 3689 fieri
563 3656 635 3690 conu
653 3641 687 3690 H
803 3656 829 3690 11
849 3640 947 3705 require
961 3641 983 3690 C
991 3642 1035 3689 H:
1051 3647 1092 3690 ext
1103 3657 1119 3688 r
1218 3656 1247 3691 η
1264 3648 1291 3691 et

78 3718 210 3785 (lesquod)
221 3721 273 3768 add
282 3736 299 3768 r
374 3735 403 3785 1³
420 3720 564 3769 adnitantur
577 3722 600 3771 C
607 3721 619 3744 '
629 3722 663 3770 H
666 3736 683 3768 r
759 3733 788 3781 15
805 3720 925 3786 quoniam
937 3719 1071 3785 Umquia)
1083 3736 1100 3769 r
1112 3719 1117 3784 Ι
1130 3720 1291 3771 reiecientem
1331 3727 1335 3733 '

83 3802 104 3850 C
110 3801 124 3825 ⁴
136 3803 282 3852 reicientun
302 3802 334 3850 Η
450 3801 479 3852 16
496 3818 547 3852 non
560 3800 704 3867 (befpossit)
716 3803 769 3851 add
777 3818 794 3850 r
914 3816 943 3865 17
960 3802 1023 3851 illud
1035 3805 1102 3852 euim
1116 3802 1211 3852 Cillud
1222 3801 1291 3866 quod

79 3898 94 3929 r
104 3880 109 3944 1
123 3892 162 3931 est
173 3882 223 3945 (ast
233 3880 338 3946 tanum)
350 3883 404 3931 cdd
421 3883 443 3932 C
447 3900 463 3931 r
475 3882 480 3947 1
494 3884 644 3947 generaliter
659 3884 721 3933 illud
733 3899 750 3931 r
833 3885 863 3932 18
879 3890 915 3931 est
927 3881 976 3947 (afl
986 3882 1058 3947 nihil)
1070 3899 1113 3932 om
1125 3887 1158 3947 rt
1172 3882 1289 3931 reiecien·

76 3962 135 4012 dum
148 3964 172 4013 C
178 3963 192 3988 ⁵
295 3980 325 4013 aa
343 3964 446 4014 easdem
457 3981 473 4012 r
570 3979 601 4029 ²3
618 3964 687 4029 quod
699 3966 707 4024 (
710 3964 758 4028 sor
767 3964 897 4028 quoniam)
912 3964 934 4013 C
951 3965 1026 4026 (corr)
1039 3980 1055 4011 r
1119 3978 1150 4026 24
1166 3962 1259 4013 adiecit
1275 3979 1293 4012 r

78 4041 108 4093 οὗ
124 4045 151 4094 in
161 4045 307 4110 sumptione
321 4045 365 4094 Cr

78 4174 221 4239 explaining
237 4174 296 4238 why
315 4174 341 4225 S.
362 4174 426 4224 Paul
444 4183 522 4226 wrote
541 4178 589 4226 τοῖς
603 4193 659 4225 rer·
746 4190 785 4227 rr.
817 4175 911 4241 requie]
945 4176 993 4226 See
1014 4191 1056 4225 vv.
1079 4174 1116 4233 ll..
1138 4176 1189 4225 and
1211 4177 1245 4226 cf.
1266 4190 1289 4233 t.

77 4256 127 4305 reis
143 4256 228 4306 rather
244 4256 307 4305 than
322 4259 373 4307 τοῖς
389 4259 471 4306 πᾶσιν.
513 4256 554 4307 Ci.
577 4257 657 4320 infra,
711 4274 736 4323 p.
751 4271 808 4320 250,
824 4259 842 4307 l.
855 4271 878 4321 5.
893 4265 961 4308 note.
999 4258 1050 4307 For
1065 4258 1115 4307 this
1129 4258 1247 4323 memiing
1264 4260 1294 4309 oi

77 4331 94 4381 l
108 4348 133 4398 9.
710 4338 813 4401 requies,
828 4352 910 4401 comp.
924 4352 970 4385 our
982 4335 1291 4389 “refreshment”=iood.

109 4434 133 4476 4.
170 4414 274 4480 lergn‘re]
292 4416 332 4467 Cf.
341 4416 433 4482 largita
444 4417 470 4481 (1.
483 4416 530 4483 11).
547 4417 658 4479 Romen,
744 4430 785 4479 25.
818 4417 991 4480 santificatur
1013 4416 1107 4477 aretem]
1140 4416 1216 4466 Latin
1236 4432 1291 4470 ver·

79 4494 157 4556 Inda,
170 4513 197 4561 p.
213 4510 270 4557 300.
712 4495 789 4556 dous,
806 4496 850 4546 “s.
863 4494 966 4557 enim;'’
984 4496 1034 4546 aud
1046 4512 1075 4547 so
1085 4497 1128 4546 the
1140 4495 1189 4546 Gla
