<?xml version="1.0" encoding="UTF-8"?>
<!DOCTYPE html PUBLIC "-//W3C//DTD XHTML 1.0 Transitional//EN"
    "http://www.w3.org/TR/xhtml1/DTD/xhtml1-transitional.dtd">
<html xmlns="http://www.w3.org/1999/xhtml" xml:lang="en" lang="en">
 <head>
  <title>
</title>
<meta http-equiv="Content-Type" content="text/html;charset=utf-8" />
  <meta name='ocr-system' content='tesseract 3.04.00' />
  <meta name='ocr-capabilities' content='ocr_page ocr_carea ocr_par ocr_line ocrx_word'/>
</head>
<body>
  <div class='ocr_page' id='page_1' title='image "./theodoriepiscop00swetgoog_0210.png"; bbox 0 0 3142 5100; ppageno 0'>
   <div class='ocr_carea' id='block_1_1' title="bbox 285 399 348 467">
    <p class='ocr_par' dir='ltr' id='par_1_1' title="bbox 285 399 348 467">
     <span class='ocr_line' id='line_1_1' title="bbox 285 399 348 467; baseline 0 0"><span class='ocrx_word' id='word_1_1' title='bbox 285 399 348 467; x_wconf 87' lang='lat'>190</span> 
     </span>
    </p>
   </div>
   <div class='ocr_carea' id='block_1_2' title="bbox 612 395 1200 452">
    <p class='ocr_par' dir='ltr' id='par_1_2' title="bbox 612 395 1200 452">
     <span class='ocr_line' id='line_1_2' title="bbox 612 395 1200 452; baseline 0.003 -2"><span class='ocrx_word' id='word_1_2' title='bbox 612 396 842 451; x_wconf 84' lang='lat' dir='ltr'>THEODORUS</span> <span class='ocrx_word' id='word_1_3' title='bbox 864 395 1156 452; x_wconf 84' lang='lat' dir='ltr'>MOPSUESTENUS</span> <span class='ocrx_word' id='word_1_4' title='bbox 1194 403 1200 408; x_wconf 85' lang='grc'><em>“</em></span> 
     </span>
    </p>
   </div>
   <div class='ocr_carea' id='block_1_3' title="bbox 231 555 1472 1905">
    <p class='ocr_par' dir='ltr' id='par_1_3' title="bbox 231 555 1472 1905">
     <span class='ocr_line' id='line_1_3' title="bbox 281 555 1472 656; baseline 0.003 -24"><span class='ocrx_word' id='word_1_5' title='bbox 281 569 441 651; x_wconf 91' lang='lat' dir='ltr'>quoniam</span> <span class='ocrx_word' id='word_1_6' title='bbox 465 569 532 635; x_wconf 93' lang='lat' dir='ltr'>illic</span> <span class='ocrx_word' id='word_1_7' title='bbox 556 589 633 637; x_wconf 88' lang='lat' dir='ltr'>eum</span> <span class='ocrx_word' id='word_1_8' title='bbox 657 570 845 656; x_wconf 86' lang='lat' dir='ltr'>reliquerat,</span> <span class='ocrx_word' id='word_1_9' title='bbox 868 571 973 636; x_wconf 90' lang='lat' dir='ltr'>etsie</span> <span class='ocrx_word' id='word_1_10' title='bbox 996 569 1174 653; x_wconf 87' lang='lat' dir='ltr'>epistolam</span> <span class='ocrx_word' id='word_1_11' title='bbox 1199 569 1244 635; x_wconf 89' lang='lat' dir='ltr'>ad</span> <span class='ocrx_word' id='word_1_12' title='bbox 1270 589 1345 635; x_wconf 91' lang='lat' dir='ltr'>eum</span> <span class='ocrx_word' id='word_1_13' title='bbox 1372 555 1472 636; x_wconf 84' lang='lat' dir='ltr'>scubit</span> 
     </span>
     <span class='ocr_line' id='line_1_4' title="bbox 281 672 1472 770; baseline 0.005 -35"><span class='ocrx_word' id='word_1_14' title='bbox 281 674 376 756; x_wconf 88' lang='lat' dir='ltr'>quasi</span> <span class='ocrx_word' id='word_1_15' title='bbox 397 673 506 739; x_wconf 87' lang='lat' dir='ltr'>adhuc</span> <span class='ocrx_word' id='word_1_16' title='bbox 526 674 641 738; x_wconf 91' lang='lat' dir='ltr'>inillis</span> <span class='ocrx_word' id='word_1_17' title='bbox 660 673 743 738; x_wconf 91' lang='lat' dir='ltr'>locis</span> <span class='ocrx_word' id='word_1_18' title='bbox 757 683 989 739; x_wconf 88' lang='lat' dir='ltr'><strong>commorante</strong></span> <span class='ocrx_word' id='word_1_19' title='bbox 1008 694 1058 739; x_wconf 92' lang='lat' dir='ltr'>eo.</span> <span class='ocrx_word' id='word_1_20' title='bbox 1104 672 1225 770; x_wconf 30' lang='lat' dir='ltr'>innhac</span> <span class='ocrx_word' id='word_1_21' title='bbox 1248 693 1328 739; x_wconf 86' lang='lat' dir='ltr'>uero</span> <span class='ocrx_word' id='word_1_22' title='bbox 1345 676 1472 759; x_wconf 90' lang='lat' dir='ltr'>epistola</span> 
     </span>
     <span class='ocr_line' id='line_1_5' title="bbox 280 776 1471 863; baseline 0.005 -24"><span class='ocrx_word' id='word_1_23' title='bbox 280 777 315 840; x_wconf 93' lang='lat' dir='ltr'>in</span> <span class='ocrx_word' id='word_1_24' title='bbox 331 776 432 842; x_wconf 90' lang='lat' dir='ltr'>finem</span> <span class='ocrx_word' id='word_1_25' title='bbox 448 778 580 842; x_wconf 85' lang='lat' dir='ltr'>scribit:</span> <span class='ocrx_word' id='word_1_26' title='bbox 600 778 771 859; x_wconf 81' lang='lat' dir='ltr'>Tyclu&#39;cum</span> <span class='ocrx_word' id='word_1_27' title='bbox 784 777 919 862; x_wconf 83' lang='lat' dir='ltr'>(inquit)</span> <span class='ocrx_word' id='word_1_28' title='bbox 937 776 1040 863; x_wconf 82' lang='lat' dir='ltr'>[misr]</span> <span class='ocrx_word' id='word_1_29' title='bbox 1056 776 1181 860; x_wconf 74' lang='lat' dir='ltr'>Ephesi</span> <span class='ocrx_word' id='word_1_30' title='bbox 1185 802 1202 854; x_wconf 87' lang='lat'>‚·</span> <span class='ocrx_word' id='word_1_31' title='bbox 1217 779 1358 843; x_wconf 85' lang='lat' dir='ltr'>dixisset</span> <span class='ocrx_word' id='word_1_32' title='bbox 1371 780 1471 863; x_wconf 91' lang='lat' dir='ltr'>utique</span> 
     </span>
     <span class='ocr_line' id='line_1_6' title="bbox 283 881 1472 968; baseline 0.004 -25"><span class='ocrx_word' id='word_1_33' title='bbox 283 881 345 944; x_wconf 85' lang='lat' dir='ltr'>‘ad</span> <span class='ocrx_word' id='word_1_34' title='bbox 361 882 413 958; x_wconf 86' lang='lat' dir='ltr'>te,&#39;</span> <span class='ocrx_word' id='word_1_35' title='bbox 432 881 459 945; x_wconf 92' lang='lat' dir='ltr'>si</span> <span class='ocrx_word' id='word_1_36' title='bbox 479 881 604 965; x_wconf 89' lang='lat' dir='ltr'>Ephesi</span> <span class='ocrx_word' id='word_1_37' title='bbox 622 881 733 946; x_wconf 89' lang='lat' dir='ltr'>adhuc</span> <span class='ocrx_word' id='word_1_38' title='bbox 752 882 952 947; x_wconf 90' lang='lat' dir='ltr'>Timotheus</span> <span class='ocrx_word' id='word_1_39' title='bbox 974 893 1166 961; x_wconf 88' lang='lat' dir='ltr'>moraretur,</span> <span class='ocrx_word' id='word_1_40' title='bbox 1188 885 1325 968; x_wconf 89' lang='lat' dir='ltr'>quando</span> <span class='ocrx_word' id='word_1_41' title='bbox 1346 893 1378 948; x_wconf 92' lang='lat' dir='ltr'>et</span> <span class='ocrx_word' id='word_1_42' title='bbox 1397 886 1472 949; x_wconf 89' lang='lat' dir='ltr'>hanc</span> 
     </span>
     <span class='ocr_line' id='line_1_7' title="bbox 248 983 1472 1072; baseline 0.005 -25"><span class='ocrx_word' id='word_1_43' title='bbox 248 994 264 1064; x_wconf 84' lang='grc'>5</span> <span class='ocrx_word' id='word_1_44' title='bbox 282 983 325 1048; x_wconf 88' lang='lat' dir='ltr'>ad</span> <span class='ocrx_word' id='word_1_45' title='bbox 342 1005 419 1048; x_wconf 90' lang='lat' dir='ltr'>eum</span> <span class='ocrx_word' id='word_1_46' title='bbox 435 985 600 1050; x_wconf 84' lang='lat' dir='ltr'>scribebat</span> <span class='ocrx_word' id='word_1_47' title='bbox 615 986 802 1068; x_wconf 92' lang='lat' dir='ltr'>epistolam.</span> <span class='ocrx_word' id='word_1_48' title='bbox 848 996 882 1051; x_wconf 92' lang='lat' dir='ltr'>et</span> <span class='ocrx_word' id='word_1_49' title='bbox 893 987 1035 1069; x_wconf 85' lang='lat' dir='ltr'>primam</span> <span class='ocrx_word' id='word_1_50' title='bbox 1051 988 1188 1072; x_wconf 90' lang='lat' dir='ltr'>quidem</span> <span class='ocrx_word' id='word_1_51' title='bbox 1204 990 1252 1053; x_wconf 91' lang='lat' dir='ltr'>sic</span> <span class='ocrx_word' id='word_1_52' title='bbox 1266 1009 1303 1053; x_wconf 88' lang='lat' dir='ltr'>se</span> <span class='ocrx_word' id='word_1_53' title='bbox 1321 990 1472 1072; x_wconf 81' lang='lat' dir='ltr'>scripsisse</span> 
     </span>
     <span class='ocr_line' id='line_1_8' title="bbox 282 1087 1471 1178; baseline 0.007 -27"><span class='ocrx_word' id='word_1_54' title='bbox 282 1087 326 1151; x_wconf 89' lang='lat' dir='ltr'>ad</span> <span class='ocrx_word' id='word_1_55' title='bbox 353 1110 430 1152; x_wconf 88' lang='lat' dir='ltr'>eum</span> <span class='ocrx_word' id='word_1_56' title='bbox 460 1089 695 1166; x_wconf 86' lang='lat' dir='ltr'>manifestauit,</span> <span class='ocrx_word' id='word_1_57' title='bbox 725 1099 763 1154; x_wconf 92' lang='lat' dir='ltr'>ut</span> <span class='ocrx_word' id='word_1_58' title='bbox 793 1099 827 1155; x_wconf 90' lang='lat' dir='ltr'>et</span> <span class='ocrx_word' id='word_1_59' title='bbox 857 1091 1040 1157; x_wconf 88' lang='lat' dir='ltr'>insinuaret</span> <span class='ocrx_word' id='word_1_60' title='bbox 1069 1094 1161 1177; x_wconf 93' lang='lat' dir='ltr'>quod</span> <span class='ocrx_word' id='word_1_61' title='bbox 1186 1114 1253 1158; x_wconf 95' lang='lat' dir='ltr'>non</span> <span class='ocrx_word' id='word_1_62' title='bbox 1279 1094 1383 1158; x_wconf 91' lang='lat' dir='ltr'>multo</span> <span class='ocrx_word' id='word_1_63' title='bbox 1406 1104 1471 1178; x_wconf 90' lang='lat' dir='ltr'>post</span> 
     </span>
     <span class='ocr_line' id='line_1_9' title="bbox 282 1193 1471 1276; baseline 0.005 -20"><span class='ocrx_word' id='word_1_64' title='bbox 282 1201 434 1275; x_wconf 92' lang='lat' dir='ltr'>tempore</span> <span class='ocrx_word' id='word_1_65' title='bbox 453 1193 498 1257; x_wconf 94' lang='lat' dir='ltr'>sit</span> <span class='ocrx_word' id='word_1_66' title='bbox 518 1193 590 1276; x_wconf 90' lang='lat' dir='ltr'>ipse</span> <span class='ocrx_word' id='word_1_67' title='bbox 610 1194 748 1258; x_wconf 87' lang='lat' dir='ltr'>adeum</span> <span class='ocrx_word' id='word_1_68' title='bbox 769 1205 927 1259; x_wconf 91' lang='lat' dir='ltr'>uenturus</span> <span class='ocrx_word' id='word_1_69' title='bbox 938 1218 946 1276; x_wconf 92' lang='lat'>;</span> <span class='ocrx_word' id='word_1_70' title='bbox 967 1196 1049 1260; x_wconf 90' lang='lat' dir='ltr'>dicit</span> <span class='ocrx_word' id='word_1_71' title='bbox 1071 1197 1179 1261; x_wconf 91' lang='lat' dir='ltr'>enim:</span> <span class='ocrx_word' id='word_1_72' title='bbox 1210 1197 1289 1261; x_wconf 80' lang='lat' dir='ltr'>haec</span> <span class='ocrx_word' id='word_1_73' title='bbox 1310 1198 1370 1262; x_wconf 85' lang='lat' dir='ltr'>tibi</span> <span class='ocrx_word' id='word_1_74' title='bbox 1385 1198 1471 1262; x_wconf 68' lang='lat' dir='ltr'>sento</span> 
     </span>
     <span class='ocr_line' id='line_1_10' title="bbox 281 1297 1472 1386; baseline 0.007 -28"><span class='ocrx_word' id='word_1_75' title='bbox 281 1307 413 1377; x_wconf 81' lang='lat' dir='ltr'>sperans</span> <span class='ocrx_word' id='word_1_76' title='bbox 434 1318 484 1360; x_wconf 82' lang='grc' dir='ltr'>νιι</span> <span class='ocrx_word' id='word_1_77' title='bbox 505 1297 615 1362; x_wconf 79' lang='lat' dir='ltr'>uenire</span> <span class='ocrx_word' id='word_1_78' title='bbox 634 1297 683 1361; x_wconf 81' lang='lat' dir='ltr'>ad</span> <span class='ocrx_word' id='word_1_79' title='bbox 699 1309 729 1363; x_wconf 84' lang='lat' dir='ltr'>te</span> <span class='ocrx_word' id='word_1_80' title='bbox 747 1299 817 1365; x_wconf 85' lang='lat' dir='ltr'>cito.</span> <span class='ocrx_word' id='word_1_81' title='bbox 861 1299 949 1363; x_wconf 90' lang='lat' dir='ltr'>hanc</span> <span class='ocrx_word' id='word_1_82' title='bbox 969 1321 1048 1365; x_wconf 91' lang='lat' dir='ltr'>uero</span> <span class='ocrx_word' id='word_1_83' title='bbox 1067 1301 1214 1367; x_wconf 91' lang='lat' dir='ltr'>scribens</span> <span class='ocrx_word' id='word_1_84' title='bbox 1234 1302 1386 1386; x_wconf 86' lang='lat' dir='ltr'>designat</span> <span class='ocrx_word' id='word_1_85' title='bbox 1404 1304 1472 1386; x_wconf 86' lang='lat' dir='ltr'>quia</span> 
     </span>
     <span class='ocr_line' id='line_1_11' title="bbox 283 1400 1471 1485; baseline 0.008 -23"><span class='ocrx_word' id='word_1_86' title='bbox 283 1419 350 1462; x_wconf 89' lang='lat' dir='ltr'>non</span> <span class='ocrx_word' id='word_1_87' title='bbox 375 1400 482 1464; x_wconf 91' lang='lat' dir='ltr'>multo</span> <span class='ocrx_word' id='word_1_88' title='bbox 508 1410 586 1485; x_wconf 92' lang='lat' dir='ltr'>post</span> <span class='ocrx_word' id='word_1_89' title='bbox 609 1410 761 1485; x_wconf 92' lang='lat' dir='ltr'>tempore</span> <span class='ocrx_word' id='word_1_90' title='bbox 784 1403 828 1468; x_wconf 88' lang='lat' dir='ltr'>ad</span> <span class='ocrx_word' id='word_1_91' title='bbox 857 1403 980 1469; x_wconf 88' lang='lat' dir='ltr'>Christi</span> <span class='ocrx_word' id='word_1_92' title='bbox 1006 1406 1249 1471; x_wconf 83' lang='lat' dir='ltr'>consessionem</span> <span class='ocrx_word' id='word_1_93' title='bbox 1281 1409 1372 1472; x_wconf 91' lang='lat' dir='ltr'>istius</span> <span class='ocrx_word' id='word_1_94' title='bbox 1395 1408 1471 1472; x_wconf 88' lang='lat' dir='ltr'>uitae</span> 
     </span>
     <span class='ocr_line' id='line_1_12' title="bbox 231 1504 1472 1595; baseline 0.01 -31"><span class='ocrx_word' id='word_1_95' title='bbox 231 1517 271 1565; x_wconf 94' lang='lat'>10</span> <span class='ocrx_word' id='word_1_96' title='bbox 282 1504 459 1568; x_wconf 88' lang='lat' dir='ltr'>transitum</span> <span class='ocrx_word' id='word_1_97' title='bbox 475 1513 655 1588; x_wconf 86' lang='lat' dir='ltr'>expectet;</span> <span class='ocrx_word' id='word_1_98' title='bbox 675 1508 723 1571; x_wconf 92' lang='lat' dir='ltr'>ait</span> <span class='ocrx_word' id='word_1_99' title='bbox 738 1526 905 1591; x_wconf 88' lang='lat' dir='ltr'>namque:</span> <span class='ocrx_word' id='word_1_100' title='bbox 925 1514 981 1593; x_wconf 67' lang='lat' dir='ltr'>ego</span> <span class='ocrx_word' id='word_1_101' title='bbox 994 1509 1081 1574; x_wconf 82' lang='lat' dir='ltr'>enim</span> <span class='ocrx_word' id='word_1_102' title='bbox 1100 1510 1311 1588; x_wconf 65' lang='grc' dir='ltr'>αραινῶν,</span> <span class='ocrx_word' id='word_1_103' title='bbox 1325 1521 1472 1595; x_wconf 65' lang='grc' dir='ltr'>σίνιστρον</span> 
     </span>
     <span class='ocr_line' id='line_1_13' title="bbox 282 1608 1469 1692; baseline 0.008 -23"><span class='ocrx_word' id='word_1_104' title='bbox 282 1627 369 1670; x_wconf 75' lang='lat' dir='ltr'>nisae</span> <span class='ocrx_word' id='word_1_105' title='bbox 392 1608 593 1672; x_wconf 81' lang='lat' dir='ltr'>resolutionis</span> <span class='ocrx_word' id='word_1_106' title='bbox 616 1609 726 1677; x_wconf 89' lang='lat' dir='ltr'>instat.</span> <span class='ocrx_word' id='word_1_107' title='bbox 773 1613 866 1678; x_wconf 89' lang='lat' dir='ltr'>iubet</span> <span class='ocrx_word' id='word_1_108' title='bbox 892 1624 1007 1678; x_wconf 90' lang='lat' dir='ltr'>autem</span> <span class='ocrx_word' id='word_1_109' title='bbox 1037 1636 1114 1679; x_wconf 92' lang='lat' dir='ltr'>eum</span> <span class='ocrx_word' id='word_1_110' title='bbox 1144 1616 1212 1680; x_wconf 92' lang='lat' dir='ltr'>cito</span> <span class='ocrx_word' id='word_1_111' title='bbox 1241 1616 1353 1680; x_wconf 89' lang='lat' dir='ltr'>uenire</span> <span class='ocrx_word' id='word_1_112' title='bbox 1374 1616 1413 1679; x_wconf 90' lang='lat' dir='ltr'>ad</span> <span class='ocrx_word' id='word_1_113' title='bbox 1433 1636 1469 1692; x_wconf 83' lang='lat' dir='ltr'>se,</span> 
     </span>
     <span class='ocr_line' id='line_1_14' title="bbox 282 1710 1470 1794; baseline 0.007 -21"><span class='ocrx_word' id='word_1_114' title='bbox 282 1710 417 1774; x_wconf 89' lang='lat' dir='ltr'>dicens:</span> <span class='ocrx_word' id='word_1_115' title='bbox 432 1710 562 1792; x_wconf 82' lang='lat' dir='ltr'>festina</span> <span class='ocrx_word' id='word_1_116' title='bbox 584 1710 719 1794; x_wconf 89' lang='lat' dir='ltr'>(inquit)</span> <span class='ocrx_word' id='word_1_117' title='bbox 743 1717 853 1780; x_wconf 80' lang='lat' dir='ltr'>uenire</span> <span class='ocrx_word' id='word_1_118' title='bbox 873 1716 924 1779; x_wconf 86' lang='lat' dir='ltr'>ad</span> <span class='ocrx_word' id='word_1_119' title='bbox 941 1738 991 1781; x_wconf 81' lang='lat' dir='ltr'>nte</span> <span class='ocrx_word' id='word_1_120' title='bbox 1013 1717 1082 1783; x_wconf 84' lang='lat' dir='ltr'>cito.</span> <span class='ocrx_word' id='word_1_121' title='bbox 1126 1719 1242 1783; x_wconf 90' lang='lat' dir='ltr'>scribit</span> <span class='ocrx_word' id='word_1_122' title='bbox 1268 1727 1379 1783; x_wconf 88' lang='lat' dir='ltr'>autem</span> <span class='ocrx_word' id='word_1_123' title='bbox 1397 1717 1470 1782; x_wconf 85' lang='lat' dir='ltr'>hanc</span> 
     </span>
     <span class='ocr_line' id='line_1_15' title="bbox 283 1813 1470 1905; baseline 0.008 -28"><span class='ocrx_word' id='word_1_124' title='bbox 283 1813 461 1897; x_wconf 90' lang='lat' dir='ltr'>epistolam</span> <span class='ocrx_word' id='word_1_125' title='bbox 492 1814 535 1879; x_wconf 92' lang='lat' dir='ltr'>ad</span> <span class='ocrx_word' id='word_1_126' title='bbox 566 1835 644 1879; x_wconf 93' lang='lat' dir='ltr'>eum</span> <span class='ocrx_word' id='word_1_127' title='bbox 671 1838 717 1881; x_wconf 85' lang='lat' dir='ltr'>ex</span> <span class='ocrx_word' id='word_1_128' title='bbox 743 1818 826 1883; x_wconf 93' lang='lat' dir='ltr'>urbe</span> <span class='ocrx_word' id='word_1_129' title='bbox 858 1820 978 1897; x_wconf 90' lang='lat' dir='ltr'>Roma,</span> <span class='ocrx_word' id='word_1_130' title='bbox 1001 1821 1035 1885; x_wconf 91' lang='lat' dir='ltr'>in</span> <span class='ocrx_word' id='word_1_131' title='bbox 1066 1821 1123 1886; x_wconf 92' lang='lat' dir='ltr'>illo</span> <span class='ocrx_word' id='word_1_132' title='bbox 1145 1831 1299 1905; x_wconf 91' lang='lat' dir='ltr'>tempore</span> <span class='ocrx_word' id='word_1_133' title='bbox 1327 1821 1470 1903; x_wconf 74' lang='lat' dir='ltr'>quando&#39;</span> 
     </span>
    </p>
   </div>
   <div class='ocr_carea' id='block_1_4' title="bbox 230 1940 1473 2554">
    <p class='ocr_par' dir='ltr' id='par_1_4' title="bbox 230 1940 1473 2554">
     <span class='ocr_line' id='line_1_16' title="bbox 289 1940 1470 2041; baseline -0.002 -29"><span class='ocrx_word' id='word_1_134' title='bbox 289 1945 323 2013; x_wconf 81' lang='grc' dir='ltr'>δὲ</span> <span class='ocrx_word' id='word_1_135' title='bbox 345 1948 431 2036; x_wconf 75' lang='grc' dir='ltr'>πρὸς</span> <span class='ocrx_word' id='word_1_136' title='bbox 453 1954 500 2039; x_wconf 78' lang='grc' dir='ltr'>τῷ</span> <span class='ocrx_word' id='word_1_137' title='bbox 521 1950 610 2019; x_wconf 80' lang='grc' dir='ltr'>τέλει</span> <span class='ocrx_word' id='word_1_138' title='bbox 632 1951 748 2041; x_wconf 77' lang='grc' dir='ltr'>φησίν</span> <span class='ocrx_word' id='word_1_139' title='bbox 770 1952 902 2040; x_wconf 76' lang='grc' dir='ltr'>Τγχικόν</span> <span class='ocrx_word' id='word_1_140' title='bbox 926 1953 1088 2018; x_wconf 66' lang='grc' dir='ltr'>ἀπέστειλα</span> <span class='ocrx_word' id='word_1_141' title='bbox 1111 1948 1153 2016; x_wconf 84' lang='lat' dir='ltr'>eie</span> <span class='ocrx_word' id='word_1_142' title='bbox 1175 1949 1326 2027; x_wconf 71' lang='grc' dir='ltr'>Ἔφεσον·</span> <span class='ocrx_word' id='word_1_143' title='bbox 1348 1940 1470 2014; x_wconf 68' lang='lat' dir='ltr'>eisteti</span> 
     </span>
     <span class='ocr_line' id='line_1_17' title="bbox 230 2049 1471 2142; baseline -0.002 -28"><span class='ocrx_word' id='word_1_144' title='bbox 230 2062 267 2129; x_wconf 82' lang='lat'>15</span> <span class='ocrx_word' id='word_1_145' title='bbox 284 2049 325 2117; x_wconf 82' lang='grc' dir='ltr'>ἂν</span> <span class='ocrx_word' id='word_1_146' title='bbox 351 2049 402 2117; x_wconf 80' lang='grc' dir='ltr'>ὅτι</span> <span class='ocrx_word' id='word_1_147' title='bbox 427 2054 526 2140; x_wconf 47' lang='grc' dir='ltr'>(πρός</span> <span class='ocrx_word' id='word_1_148' title='bbox 555 2054 617 2137; x_wconf 83' lang='grc' dir='ltr'>σε,’</span> <span class='ocrx_word' id='word_1_149' title='bbox 645 2056 737 2141; x_wconf 78' lang='grc' dir='ltr'>εἴπερ</span> <span class='ocrx_word' id='word_1_150' title='bbox 768 2054 825 2121; x_wconf 81' lang='grc' dir='ltr'>ἐπὶ</span> <span class='ocrx_word' id='word_1_151' title='bbox 850 2058 909 2138; x_wconf 78' lang='grc' dir='ltr'>τῆς</span> <span class='ocrx_word' id='word_1_152' title='bbox 934 2053 1081 2142; x_wconf 83' lang='grc' dir='ltr'>Ἐφέσου</span> <span class='ocrx_word' id='word_1_153' title='bbox 1105 2051 1253 2138; x_wconf 75' lang='grc' dir='ltr'>διάγοντι</span> <span class='ocrx_word' id='word_1_154' title='bbox 1277 2052 1334 2118; x_wconf 79' lang='grc' dir='ltr'>καὶ</span> <span class='ocrx_word' id='word_1_155' title='bbox 1361 2049 1471 2128; x_wconf 78' lang='grc' dir='ltr'>ταύτην</span> 
     </span>
     <span class='ocr_line' id='line_1_18' title="bbox 284 2152 1471 2243; baseline -0.003 -24"><span class='ocrx_word' id='word_1_156' title='bbox 284 2153 427 2241; x_wconf 83' lang='grc' dir='ltr'>ἔγραφεν</span> <span class='ocrx_word' id='word_1_157' title='bbox 448 2155 509 2237; x_wconf 73' lang='grc' dir='ltr'>τὴν</span> <span class='ocrx_word' id='word_1_158' title='bbox 530 2156 722 2238; x_wconf 79' lang='grc' dir='ltr'>ἐπιστολήν.</span> <span class='ocrx_word' id='word_1_159' title='bbox 764 2155 917 2238; x_wconf 77' lang='grc' dir='ltr'>κάκείνην</span> <span class='ocrx_word' id='word_1_160' title='bbox 937 2157 998 2241; x_wconf 82' lang='grc' dir='ltr'>μὲν</span> <span class='ocrx_word' id='word_1_161' title='bbox 1020 2155 1104 2222; x_wconf 71' lang='grc' dir='ltr'>οὕτω</span> <span class='ocrx_word' id='word_1_162' title='bbox 1123 2156 1262 2243; x_wconf 80' lang='grc' dir='ltr'>γράφων</span> <span class='ocrx_word' id='word_1_163' title='bbox 1281 2154 1380 2237; x_wconf 72' lang='grc' dir='ltr'>δῆλός</span> <span class='ocrx_word' id='word_1_164' title='bbox 1393 2152 1471 2217; x_wconf 76' lang='grc' dir='ltr'>ἐστιν</span> 
     </span>
     <span class='ocr_line' id='line_1_19' title="bbox 284 2250 1472 2346; baseline 0.003 -22"><span class='ocrx_word' id='word_1_165' title='bbox 284 2255 327 2328; x_wconf 83' lang='lat' dir='ltr'>uis</span> <span class='ocrx_word' id='word_1_166' title='bbox 350 2257 393 2324; x_wconf 82' lang='grc' dir='ltr'>ἂν</span> <span class='ocrx_word' id='word_1_167' title='bbox 417 2256 487 2342; x_wconf 80' lang='grc' dir='ltr'>μετ’</span> <span class='ocrx_word' id='word_1_168' title='bbox 509 2257 548 2325; x_wconf 81' lang='grc' dir='ltr'>οὗ</span> <span class='ocrx_word' id='word_1_169' title='bbox 572 2259 661 2327; x_wconf 76' lang='grc' dir='ltr'>πολὺ</span> <span class='ocrx_word' id='word_1_170' title='bbox 682 2259 765 2346; x_wconf 76' lang='grc' dir='ltr'>πρὸς</span> <span class='ocrx_word' id='word_1_171' title='bbox 789 2257 889 2326; x_wconf 81' lang='grc' dir='ltr'>αὐτὸν</span> <span class='ocrx_word' id='word_1_172' title='bbox 911 2258 1132 2344; x_wconf 72' lang='grc' dir='ltr'>ἐλευσόμενος,</span> <span class='ocrx_word' id='word_1_173' title='bbox 1153 2258 1277 2338; x_wconf 76' lang='grc' dir='ltr'>ταύτην</span> <span class='ocrx_word' id='word_1_174' title='bbox 1302 2256 1337 2324; x_wconf 83' lang='grc' dir='ltr'>δὲ</span> <span class='ocrx_word' id='word_1_175' title='bbox 1358 2254 1397 2327; x_wconf 77' lang='lat' dir='ltr'>uis</span> <span class='ocrx_word' id='word_1_176' title='bbox 1415 2250 1472 2337; x_wconf 63' lang='grc' dir='ltr'>μετ’</span> 
     </span>
     <span class='ocr_line' id='line_1_20' title="bbox 284 2355 1472 2450; baseline -0.004 -25"><span class='ocrx_word' id='word_1_177' title='bbox 284 2359 323 2426; x_wconf 79' lang='grc' dir='ltr'>οὕ</span> <span class='ocrx_word' id='word_1_178' title='bbox 347 2359 438 2427; x_wconf 64' lang='grc' dir='ltr'>πολὺ</span> <span class='ocrx_word' id='word_1_179' title='bbox 465 2359 519 2428; x_wconf 79' lang='grc' dir='ltr'>διὰ</span> <span class='ocrx_word' id='word_1_180' title='bbox 545 2361 606 2447; x_wconf 77' lang='grc' dir='ltr'>τὴν</span> <span class='ocrx_word' id='word_1_181' title='bbox 631 2366 690 2429; x_wconf 83' lang='grc' dir='ltr'>τοῦ</span> <span class='ocrx_word' id='word_1_182' title='bbox 716 2365 868 2450; x_wconf 81' lang='grc' dir='ltr'>Χριστοῦ</span> <span class='ocrx_word' id='word_1_183' title='bbox 892 2360 1073 2447; x_wconf 72' lang='grc' dir='ltr'>ὁμολογίαν</span> <span class='ocrx_word' id='word_1_184' title='bbox 1088 2361 1150 2444; x_wconf 72' lang='grc' dir='ltr'>τὴν</span> <span class='ocrx_word' id='word_1_185' title='bbox 1164 2362 1201 2427; x_wconf 77' lang='grc' dir='ltr'>ἐκ</span> <span class='ocrx_word' id='word_1_186' title='bbox 1215 2358 1311 2428; x_wconf 79' lang='grc' dir='ltr'>τοῦδε</span> <span class='ocrx_word' id='word_1_187' title='bbox 1332 2362 1388 2426; x_wconf 82' lang='grc' dir='ltr'>τοῦ</span> <span class='ocrx_word' id='word_1_188' title='bbox 1407 2355 1472 2440; x_wconf 78' lang='grc' dir='ltr'>βίον</span> 
     </span>
     <span class='ocr_line' id='line_1_21' title="bbox 283 2459 1473 2554; baseline -0.003 -25"><span class='ocrx_word' id='word_1_189' title='bbox 283 2462 490 2546; x_wconf 73' lang='grc' dir='ltr'>μετάστασιν</span> <span class='ocrx_word' id='word_1_190' title='bbox 518 2465 676 2552; x_wconf 79' lang='grc' dir='ltr'>δέξασθαι</span> <span class='ocrx_word' id='word_1_191' title='bbox 705 2464 912 2554; x_wconf 78' lang='grc' dir='ltr'>προσδοκῶν·</span> <span class='ocrx_word' id='word_1_192' title='bbox 944 2464 1068 2533; x_wconf 74' lang='grc' dir='ltr'>κελεύει</span> <span class='ocrx_word' id='word_1_193' title='bbox 1091 2464 1125 2532; x_wconf 84' lang='grc' dir='ltr'>δὲ</span> <span class='ocrx_word' id='word_1_194' title='bbox 1154 2461 1253 2531; x_wconf 79' lang='grc' dir='ltr'>αὑτὸν</span> <span class='ocrx_word' id='word_1_195' title='bbox 1282 2463 1339 2530; x_wconf 73' lang='grc' dir='ltr'>καὶ</span> <span class='ocrx_word' id='word_1_196' title='bbox 1368 2459 1473 2528; x_wconf 79' lang='grc' dir='ltr'>θᾶττον</span> 
     </span>
    </p>
   </div>
   <div class='ocr_carea' id='block_1_5' title="bbox 229 2564 1473 2658">
    <p class='ocr_par' dir='ltr' id='par_1_5' title="bbox 229 2564 1473 2658">
     <span class='ocr_line' id='line_1_22' title="bbox 229 2564 1473 2658; baseline -0.005 -24"><span class='ocrx_word' id='word_1_197' title='bbox 229 2587 272 2636; x_wconf 89' lang='lat'>20</span> <span class='ocrx_word' id='word_1_198' title='bbox 284 2564 367 2655; x_wconf 76' lang='grc' dir='ltr'>πρὸς</span> <span class='ocrx_word' id='word_1_199' title='bbox 396 2566 496 2635; x_wconf 78' lang='grc' dir='ltr'>αὐτὸν</span> <span class='ocrx_word' id='word_1_200' title='bbox 523 2569 712 2658; x_wconf 77' lang='grc' dir='ltr'>ἀφικέσθαι.</span> <span class='ocrx_word' id='word_1_201' title='bbox 770 2569 893 2658; x_wconf 74' lang='grc' dir='ltr'>γράφει</span> <span class='ocrx_word' id='word_1_202' title='bbox 922 2569 958 2638; x_wconf 74' lang='grc' dir='ltr'>δὲ</span> <span class='ocrx_word' id='word_1_203' title='bbox 991 2569 1096 2654; x_wconf 73' lang='grc' dir='ltr'>αὐτὴν</span> <span class='ocrx_word' id='word_1_204' title='bbox 1124 2569 1193 2637; x_wconf 76' lang='grc' dir='ltr'>ἀπὸ</span> <span class='ocrx_word' id='word_1_205' title='bbox 1229 2568 1366 2654; x_wconf 65' lang='lat' dir='ltr'>‘Peisius</span> <span class='ocrx_word' id='word_1_206' title='bbox 1391 2566 1473 2649; x_wconf 75' lang='grc' dir='ltr'>ἡνίκα</span> 
     </span>
    </p>
   </div>
   <div class='ocr_carea' id='block_1_6' title="bbox 335 2734 532 2798">
    <p class='ocr_par' dir='ltr' id='par_1_6' title="bbox 335 2734 532 2798">
     <span class='ocr_line' id='line_1_23' title="bbox 335 2734 532 2798; baseline -0.005 -13"><span class='ocrx_word' id='word_1_207' title='bbox 335 2750 346 2785; x_wconf 91' lang='lat'>1</span> <span class='ocrx_word' id='word_1_208' title='bbox 364 2734 486 2798; x_wconf 90' lang='lat' dir='ltr'>reliquere</span> <span class='ocrx_word' id='word_1_209' title='bbox 493 2735 532 2784; x_wconf 56' lang='lat' dir='ltr'>&lt;H</span> 
     </span>
    </p>
   </div>
   <div class='ocr_carea' id='block_1_7' title="bbox 646 2729 1476 2796">
    <p class='ocr_par' dir='ltr' id='par_1_7' title="bbox 646 2729 1476 2796">
     <span class='ocr_line' id='line_1_24' title="bbox 646 2729 1476 2796; baseline -0.006 -12"><span class='ocrx_word' id='word_1_210' title='bbox 646 2749 660 2784; x_wconf 75' lang='grc' dir='ltr'>ν</span> <span class='ocrx_word' id='word_1_211' title='bbox 678 2742 889 2786; x_wconf 85' lang='lat' dir='ltr'>commemorante</span> <span class='ocrx_word' id='word_1_212' title='bbox 900 2736 935 2786; x_wconf 85' lang='lat' dir='ltr'><em>H</em></span> <span class='ocrx_word' id='word_1_213' title='bbox 939 2742 1134 2787; x_wconf 81' lang='lat' dir='ltr'>commorantem</span> <span class='ocrx_word' id='word_1_214' title='bbox 1147 2736 1195 2796; x_wconf 82' lang='lat' dir='ltr'>(om</span> <span class='ocrx_word' id='word_1_215' title='bbox 1206 2735 1248 2795; x_wconf 90' lang='lat' dir='ltr'>eo)</span> <span class='ocrx_word' id='word_1_216' title='bbox 1259 2750 1276 2783; x_wconf 88' lang='lat' dir='ltr'>r</span> <span class='ocrx_word' id='word_1_217' title='bbox 1382 2745 1396 2795; x_wconf 76' lang='lat'>3</span> <span class='ocrx_word' id='word_1_218' title='bbox 1411 2729 1476 2781; x_wconf 84' lang='lat' dir='ltr'>finer</span> 
     </span>
    </p>
   </div>
   <div class='ocr_carea' id='block_1_8' title="bbox 287 2811 1476 2962">
    <p class='ocr_par' dir='ltr' id='par_1_8' title="bbox 287 2811 1476 2962">
     <span class='ocr_line' id='line_1_25' title="bbox 297 2811 1476 2883; baseline 0 -20"><span class='ocrx_word' id='word_1_219' title='bbox 297 2811 422 2878; x_wconf 76' lang='lat' dir='ltr'>lmisiom</span> <span class='ocrx_word' id='word_1_220' title='bbox 442 2816 528 2866; x_wconf 76' lang='lat' dir='ltr'>c*H</span> <span class='ocrx_word' id='word_1_221' title='bbox 554 2816 649 2881; x_wconf 86' lang='lat' dir='ltr'>Ephesi</span> <span class='ocrx_word' id='word_1_222' title='bbox 666 2816 745 2867; x_wconf 86' lang='lat' dir='ltr'>direxi</span> <span class='ocrx_word' id='word_1_223' title='bbox 762 2818 796 2868; x_wconf 88' lang='lat' dir='ltr'>ad</span> <span class='ocrx_word' id='word_1_224' title='bbox 812 2824 838 2867; x_wconf 88' lang='lat' dir='ltr'>te</span> <span class='ocrx_word' id='word_1_225' title='bbox 853 2817 925 2883; x_wconf 79' lang='lat' dir='ltr'>quasi</span> <span class='ocrx_word' id='word_1_226' title='bbox 942 2816 1000 2882; x_wconf 67' lang='lat' dir='ltr'>(for</span> <span class='ocrx_word' id='word_1_227' title='bbox 1013 2833 1049 2869; x_wconf 87' lang='lat' dir='ltr'>m.</span> <span class='ocrx_word' id='word_1_228' title='bbox 1069 2819 1098 2869; x_wconf 87' lang='lat' dir='ltr'>E.</span> <span class='ocrx_word' id='word_1_229' title='bbox 1118 2818 1221 2867; x_wconf 79' lang='lat' dir='ltr'>dixisset</span> <span class='ocrx_word' id='word_1_230' title='bbox 1237 2816 1323 2882; x_wconf 86' lang='lat' dir='ltr'>utique</span> <span class='ocrx_word' id='word_1_231' title='bbox 1338 2815 1370 2865; x_wconf 77' lang='lat' dir='ltr'>ad</span> <span class='ocrx_word' id='word_1_232' title='bbox 1385 2821 1408 2865; x_wconf 90' lang='lat' dir='ltr'>te</span> <span class='ocrx_word' id='word_1_233' title='bbox 1422 2812 1476 2871; x_wconf 81' lang='lat' dir='ltr'>silr</span> 
     </span>
     <span class='ocr_line' id='line_1_26' title="bbox 287 2891 1473 2962; baseline -0.004 -15"><span class='ocrx_word' id='word_1_234' title='bbox 287 2911 317 2948; x_wconf 83' lang='grc' dir='ltr'>ιο</span> <span class='ocrx_word' id='word_1_235' title='bbox 333 2897 435 2947; x_wconf 90' lang='lat' dir='ltr'>delebor</span> <span class='ocrx_word' id='word_1_236' title='bbox 449 2896 487 2948; x_wconf 77' lang='lat' dir='ltr'>C*</span> <span class='ocrx_word' id='word_1_237' title='bbox 500 2898 543 2948; x_wconf 87' lang='lat' dir='ltr'>H:</span> <span class='ocrx_word' id='word_1_238' title='bbox 560 2905 600 2947; x_wconf 75' lang='lat' dir='ltr'>txt</span> <span class='ocrx_word' id='word_1_239' title='bbox 613 2899 749 2959; x_wconf 72' lang='lat' dir='ltr'>Clcorrlr</span> <span class='ocrx_word' id='word_1_240' title='bbox 831 2912 861 2961; x_wconf 86' lang='lat'>14</span> <span class='ocrx_word' id='word_1_241' title='bbox 876 2899 931 2948; x_wconf 75' lang='lat' dir='ltr'>cire</span> <span class='ocrx_word' id='word_1_242' title='bbox 943 2896 1076 2948; x_wconf 66' lang='lat' dir='ltr'>tebedd.</span> <span class='ocrx_word' id='word_1_243' title='bbox 1163 2910 1192 2962; x_wconf 82' lang='lat'>17</span> <span class='ocrx_word' id='word_1_244' title='bbox 1209 2895 1269 2947; x_wconf 78' lang='grc' dir='ltr'>ὅταν</span> <span class='ocrx_word' id='word_1_245' title='bbox 1281 2891 1473 2958; x_wconf 49' lang='lat' dir='ltr'>(forastrum.</span> 
     </span>
    </p>
   </div>
   <div class='ocr_carea' id='block_1_9' title="bbox 283 3025 865 3330">
    <p class='ocr_par' dir='ltr' id='par_1_9' title="bbox 283 3025 865 3330">
     <span class='ocr_line' id='line_1_27' title="bbox 318 3025 865 3091; baseline -0.002 -15"><span class='ocrx_word' id='word_1_246' title='bbox 318 3042 341 3090; x_wconf 78' lang='lat'>3.</span> <span class='ocrx_word' id='word_1_247' title='bbox 377 3027 407 3076; x_wconf 83' lang='lat' dir='ltr'>in</span> <span class='ocrx_word' id='word_1_248' title='bbox 418 3025 502 3091; x_wconf 80' lang='lat' dir='ltr'>finem</span> <span class='ocrx_word' id='word_1_249' title='bbox 518 3026 613 3089; x_wconf 83' lang='lat' dir='ltr'>scribit]</span> <span class='ocrx_word' id='word_1_250' title='bbox 635 3026 667 3076; x_wconf 90' lang='lat' dir='ltr'>C.</span> <span class='ocrx_word' id='word_1_251' title='bbox 684 3025 717 3077; x_wconf 83' lang='lat' dir='ltr'>iv.</span> <span class='ocrx_word' id='word_1_252' title='bbox 740 3041 777 3078; x_wconf 78' lang='lat' dir='ltr'>rs.</span> <span class='ocrx_word' id='word_1_253' title='bbox 813 3026 865 3076; x_wconf 90' lang='lat' dir='ltr'>For</span> 
     </span>
     <span class='ocr_line' id='line_1_28' title="bbox 284 3102 864 3169; baseline 0.002 -16"><span class='ocrx_word' id='word_1_254' title='bbox 284 3104 444 3168; x_wconf 52' lang='lat' dir='ltr'>Ephesiae</span> <span class='ocrx_word' id='word_1_255' title='bbox 451 3105 557 3165; x_wconf 75' lang='grc' dir='ltr'>Ἔφεσον</span> <span class='ocrx_word' id='word_1_256' title='bbox 568 3104 598 3154; x_wconf 85' lang='lat' dir='ltr'>cf.</span> <span class='ocrx_word' id='word_1_257' title='bbox 609 3116 628 3153; x_wconf 87' lang='lat'>1.</span> <span class='ocrx_word' id='word_1_258' title='bbox 640 3121 666 3169; x_wconf 87' lang='lat' dir='ltr'>p.</span> <span class='ocrx_word' id='word_1_259' title='bbox 678 3102 771 3165; x_wconf 82' lang='lat'>116,11.</span> <span class='ocrx_word' id='word_1_260' title='bbox 783 3120 806 3165; x_wconf 82' lang='lat' dir='ltr'>s,</span> <span class='ocrx_word' id='word_1_261' title='bbox 819 3117 864 3167; x_wconf 75' lang='lat'>173</span> 
     </span>
     <span class='ocr_line' id='line_1_29' title="bbox 284 3184 865 3249; baseline 0.002 -16"><span class='ocrx_word' id='word_1_262' title='bbox 284 3184 351 3243; x_wconf 89' lang='lat' dir='ltr'>here,</span> <span class='ocrx_word' id='word_1_263' title='bbox 364 3184 489 3245; x_wconf 83' lang='lat' dir='ltr'>however,</span> <span class='ocrx_word' id='word_1_264' title='bbox 505 3185 549 3235; x_wconf 91' lang='lat' dir='ltr'>the</span> <span class='ocrx_word' id='word_1_265' title='bbox 563 3201 619 3249; x_wconf 79' lang='lat' dir='ltr'>gen</span> <span class='ocrx_word' id='word_1_266' title='bbox 634 3201 692 3249; x_wconf 87' lang='lat' dir='ltr'>may</span> <span class='ocrx_word' id='word_1_267' title='bbox 703 3185 735 3235; x_wconf 91' lang='lat' dir='ltr'>be</span> <span class='ocrx_word' id='word_1_268' title='bbox 750 3185 800 3234; x_wconf 89' lang='lat' dir='ltr'>due</span> <span class='ocrx_word' id='word_1_269' title='bbox 811 3194 865 3234; x_wconf 79' lang='lat' dir='ltr'>toa</span> 
     </span>
     <span class='ocr_line' id='line_1_30' title="bbox 283 3265 864 3330; baseline 0 -16"><span class='ocrx_word' id='word_1_270' title='bbox 283 3265 365 3314; x_wconf 89' lang='lat' dir='ltr'>scribe</span> <span class='ocrx_word' id='word_1_271' title='bbox 381 3266 439 3314; x_wconf 83' lang='lat' dir='ltr'>who</span> <span class='ocrx_word' id='word_1_272' title='bbox 455 3265 500 3314; x_wconf 89' lang='lat' dir='ltr'>has</span> <span class='ocrx_word' id='word_1_273' title='bbox 518 3266 582 3315; x_wconf 87' lang='lat' dir='ltr'>been</span> <span class='ocrx_word' id='word_1_274' title='bbox 600 3266 689 3314; x_wconf 87' lang='lat' dir='ltr'>misled</span> <span class='ocrx_word' id='word_1_275' title='bbox 707 3266 741 3330; x_wconf 88' lang='lat' dir='ltr'>by</span> <span class='ocrx_word' id='word_1_276' title='bbox 758 3266 801 3315; x_wconf 90' lang='lat' dir='ltr'>the</span> <span class='ocrx_word' id='word_1_277' title='bbox 816 3274 864 3315; x_wconf 87' lang='lat' dir='ltr'>ter·</span> 
     </span>
    </p>
   </div>
   <div class='ocr_carea' id='block_1_10' title="bbox 177 3345 861 3410">
    <p class='ocr_par' dir='ltr' id='par_1_10' title="bbox 177 3345 861 3410">
     <span class='ocr_line' id='line_1_31' title="bbox 177 3345 861 3410; baseline 0.004 -18"><span class='ocrx_word' id='word_1_278' title='bbox 177 3390 179 3392; x_wconf 84' lang='lat'>.</span> <span class='ocrx_word' id='word_1_279' title='bbox 284 3345 407 3395; x_wconf 85' lang='lat' dir='ltr'>mination</span> <span class='ocrx_word' id='word_1_280' title='bbox 422 3345 452 3395; x_wconf 84' lang='lat' dir='ltr'>of</span> <span class='ocrx_word' id='word_1_281' title='bbox 465 3346 524 3395; x_wconf 88' lang='lat' dir='ltr'>misi</span> <span class='ocrx_word' id='word_1_282' title='bbox 539 3346 726 3410; x_wconf 81' lang='lat' dir='ltr'>(subsequently</span> <span class='ocrx_word' id='word_1_283' title='bbox 736 3346 861 3407; x_wconf 84' lang='lat' dir='ltr'>omitted),</span> 
     </span>
    </p>
   </div>
   <div class='ocr_carea' id='block_1_11' title="bbox 281 3426 865 4455">
    <p class='ocr_par' dir='ltr' id='par_1_11' title="bbox 285 3426 864 3558">
     <span class='ocr_line' id='line_1_32' title="bbox 285 3426 864 3492; baseline 0.002 -16"><span class='ocrx_word' id='word_1_284' title='bbox 285 3443 314 3476; x_wconf 92' lang='lat' dir='ltr'>or</span> <span class='ocrx_word' id='word_1_285' title='bbox 322 3427 356 3491; x_wconf 92' lang='lat' dir='ltr'>by</span> <span class='ocrx_word' id='word_1_286' title='bbox 364 3426 407 3476; x_wconf 89' lang='lat' dir='ltr'>the</span> <span class='ocrx_word' id='word_1_287' title='bbox 417 3443 565 3478; x_wconf 88' lang='lat' dir='ltr'>occurrence</span> <span class='ocrx_word' id='word_1_288' title='bbox 572 3428 601 3478; x_wconf 86' lang='lat' dir='ltr'>oi</span> <span class='ocrx_word' id='word_1_289' title='bbox 608 3428 703 3492; x_wconf 81' lang='lat' dir='ltr'>Ephesi</span> <span class='ocrx_word' id='word_1_290' title='bbox 712 3429 738 3477; x_wconf 89' lang='lat' dir='ltr'>in</span> <span class='ocrx_word' id='word_1_291' title='bbox 751 3429 794 3478; x_wconf 88' lang='lat' dir='ltr'>the</span> <span class='ocrx_word' id='word_1_292' title='bbox 804 3434 864 3477; x_wconf 77' lang='lat' dir='ltr'>next</span> 
     </span>
     <span class='ocr_line' id='line_1_33' title="bbox 285 3508 345 3558; baseline -0.033 0"><span class='ocrx_word' id='word_1_293' title='bbox 285 3508 345 3558; x_wconf 91' lang='lat' dir='ltr'>liue.</span> 
     </span>
    </p>

    <p class='ocr_par' dir='ltr' id='par_1_12' title="bbox 281 3588 865 4218">
     <span class='ocr_line' id='line_1_34' title="bbox 318 3588 865 3657; baseline 0.004 -19"><span class='ocrx_word' id='word_1_294' title='bbox 318 3590 374 3639; x_wconf 88' lang='lat' dir='ltr'>The</span> <span class='ocrx_word' id='word_1_295' title='bbox 385 3588 510 3640; x_wconf 86' lang='lat' dir='ltr'>inference</span> <span class='ocrx_word' id='word_1_296' title='bbox 520 3590 603 3640; x_wconf 86' lang='lat' dir='ltr'>which</span> <span class='ocrx_word' id='word_1_297' title='bbox 614 3591 663 3641; x_wconf 87' lang='lat' dir='ltr'>Tb.</span> <span class='ocrx_word' id='word_1_298' title='bbox 674 3591 758 3641; x_wconf 89' lang='lat' dir='ltr'>builds</span> <span class='ocrx_word' id='word_1_299' title='bbox 769 3606 838 3657; x_wconf 88' lang='lat' dir='ltr'>upon</span> <span class='ocrx_word' id='word_1_300' title='bbox 849 3606 865 3640; x_wconf 83' lang='lat' dir='ltr'>a</span> 
     </span>
     <span class='ocr_line' id='line_1_35' title="bbox 285 3672 861 3737; baseline 0.007 -17"><span class='ocrx_word' id='word_1_301' title='bbox 285 3672 443 3737; x_wconf 79' lang='lat' dir='ltr'>comparison</span> <span class='ocrx_word' id='word_1_302' title='bbox 459 3673 489 3721; x_wconf 84' lang='lat' dir='ltr'>ol</span> <span class='ocrx_word' id='word_1_303' title='bbox 505 3689 516 3722; x_wconf 92' lang='lat' dir='ltr'>r</span> <span class='ocrx_word' id='word_1_304' title='bbox 538 3673 603 3723; x_wconf 89' lang='lat' dir='ltr'>Tim.</span> <span class='ocrx_word' id='word_1_305' title='bbox 623 3672 640 3722; x_wconf 91' lang='lat' dir='ltr'>i.</span> <span class='ocrx_word' id='word_1_306' title='bbox 656 3689 670 3737; x_wconf 78' lang='lat'>3</span> <span class='ocrx_word' id='word_1_307' title='bbox 688 3673 749 3722; x_wconf 83' lang='lat' dir='ltr'>with</span> <span class='ocrx_word' id='word_1_308' title='bbox 766 3674 861 3724; x_wconf 76' lang='lat' dir='ltr'>eTim.</span> 
     </span>
     <span class='ocr_line' id='line_1_36' title="bbox 285 3753 865 3819; baseline 0.005 -18"><span class='ocrx_word' id='word_1_309' title='bbox 285 3753 318 3801; x_wconf 84' lang='lat' dir='ltr'>iv.</span> <span class='ocrx_word' id='word_1_310' title='bbox 333 3768 361 3802; x_wconf 79' lang='lat' dir='ltr'>rs</span> <span class='ocrx_word' id='word_1_311' title='bbox 373 3753 394 3802; x_wconf 91' lang='lat' dir='ltr'>is</span> <span class='ocrx_word' id='word_1_312' title='bbox 405 3753 512 3818; x_wconf 84' lang='lat' dir='ltr'>perhaps</span> <span class='ocrx_word' id='word_1_313' title='bbox 521 3762 565 3803; x_wconf 90' lang='lat' dir='ltr'>not</span> <span class='ocrx_word' id='word_1_314' title='bbox 573 3770 633 3819; x_wconf 87' lang='lat' dir='ltr'>very</span> <span class='ocrx_word' id='word_1_315' title='bbox 640 3754 797 3819; x_wconf 83' lang='lat' dir='ltr'>convincing.</span> <span class='ocrx_word' id='word_1_316' title='bbox 822 3756 865 3804; x_wconf 89' lang='lat' dir='ltr'>He</span> 
     </span>
     <span class='ocr_line' id='line_1_37' title="bbox 285 3831 865 3884; baseline 0.007 -4"><span class='ocrx_word' id='word_1_317' title='bbox 285 3832 347 3882; x_wconf 92' lang='lat' dir='ltr'>does</span> <span class='ocrx_word' id='word_1_318' title='bbox 357 3840 402 3882; x_wconf 90' lang='lat' dir='ltr'>not</span> <span class='ocrx_word' id='word_1_319' title='bbox 413 3832 475 3882; x_wconf 85' lang='lat' dir='ltr'>reler</span> <span class='ocrx_word' id='word_1_320' title='bbox 487 3839 514 3881; x_wconf 90' lang='lat' dir='ltr'>to</span> <span class='ocrx_word' id='word_1_321' title='bbox 525 3831 544 3882; x_wconf 92' lang='lat' dir='ltr'>it</span> <span class='ocrx_word' id='word_1_322' title='bbox 555 3833 581 3880; x_wconf 90' lang='lat' dir='ltr'>in</span> <span class='ocrx_word' id='word_1_323' title='bbox 592 3833 632 3882; x_wconf 90' lang='lat' dir='ltr'>his</span> <span class='ocrx_word' id='word_1_324' title='bbox 642 3849 733 3882; x_wconf 91' lang='lat' dir='ltr'>comm.</span> <span class='ocrx_word' id='word_1_325' title='bbox 743 3849 777 3883; x_wconf 92' lang='lat' dir='ltr'>on</span> <span class='ocrx_word' id='word_1_326' title='bbox 786 3834 865 3884; x_wconf 88' lang='lat' dir='ltr'>either</span> 
     </span>
     <span class='ocr_line' id='line_1_38' title="bbox 286 3913 865 3978; baseline 0.007 -17"><span class='ocrx_word' id='word_1_327' title='bbox 286 3913 316 3962; x_wconf 85' lang='lat' dir='ltr'>ol</span> <span class='ocrx_word' id='word_1_328' title='bbox 323 3913 394 3964; x_wconf 88' lang='lat' dir='ltr'>those</span> <span class='ocrx_word' id='word_1_329' title='bbox 407 3929 538 3978; x_wconf 78' lang='lat' dir='ltr'>passages;</span> <span class='ocrx_word' id='word_1_330' title='bbox 555 3929 597 3964; x_wconf 91' lang='lat' dir='ltr'>see</span> <span class='ocrx_word' id='word_1_331' title='bbox 611 3914 727 3965; x_wconf 86' lang='lat' dir='ltr'>however</span> <span class='ocrx_word' id='word_1_332' title='bbox 739 3916 817 3966; x_wconf 88' lang='lat' dir='ltr'>Thdt.</span> <span class='ocrx_word' id='word_1_333' title='bbox 831 3932 865 3966; x_wconf 90' lang='lat' dir='ltr'>on</span> 
     </span>
     <span class='ocr_line' id='line_1_39' title="bbox 287 3993 864 4057; baseline 0.003 -12"><span class='ocrx_word' id='word_1_334' title='bbox 287 4012 301 4045; x_wconf 66' lang='grc' dir='ltr'>ἰ</span> <span class='ocrx_word' id='word_1_335' title='bbox 320 3997 386 4045; x_wconf 87' lang='lat' dir='ltr'>Tim.</span> <span class='ocrx_word' id='word_1_336' title='bbox 407 3998 424 4044; x_wconf 88' lang='lat' dir='ltr'>I.</span> <span class='ocrx_word' id='word_1_337' title='bbox 443 4013 471 4045; x_wconf 84' lang='lat' dir='ltr'>c:</span> <span class='ocrx_word' id='word_1_338' title='bbox 495 3993 569 4057; x_wconf 72' lang='grc' dir='ltr'>δῆλον</span> <span class='ocrx_word' id='word_1_339' title='bbox 589 3995 701 4046; x_wconf 75' lang='grc' dir='ltr'>ἐντεῦθεν</span> <span class='ocrx_word' id='word_1_340' title='bbox 721 3998 751 4049; x_wconf 73' lang='lat' dir='ltr'>dr</span> <span class='ocrx_word' id='word_1_341' title='bbox 774 4001 816 4048; x_wconf 77' lang='grc' dir='ltr'>οὐκ</span> <span class='ocrx_word' id='word_1_342' title='bbox 838 4001 864 4048; x_wconf 78' lang='grc' dir='ltr'>ἐν</span> 
     </span>
     <span class='ocr_line' id='line_1_40' title="bbox 281 4074 864 4138; baseline 0.005 -13"><span class='ocrx_word' id='word_1_343' title='bbox 281 4074 381 4137; x_wconf 79' lang='grc' dir='ltr'>Ἐφέσῳ</span> <span class='ocrx_word' id='word_1_344' title='bbox 393 4074 483 4138; x_wconf 78' lang='grc' dir='ltr'>διῆγεν,</span> <span class='ocrx_word' id='word_1_345' title='bbox 497 4074 547 4124; x_wconf 78' lang='grc' dir='ltr'>ἀλλ’</span> <span class='ocrx_word' id='word_1_346' title='bbox 560 4078 657 4138; x_wconf 73' lang='grc' dir='ltr'>ἑτέρωθί</span> <span class='ocrx_word' id='word_1_347' title='bbox 672 4096 720 4127; x_wconf 69' lang='grc' dir='ltr'>που</span> <span class='ocrx_word' id='word_1_348' title='bbox 734 4081 797 4129; x_wconf 76' lang='grc' dir='ltr'>κατὰ</span> <span class='ocrx_word' id='word_1_349' title='bbox 810 4097 864 4129; x_wconf 89' lang='grc' dir='ltr'>του-</span> 
     </span>
     <span class='ocr_line' id='line_1_41' title="bbox 285 4156 682 4218; baseline 0 -10"><span class='ocrx_word' id='word_1_350' title='bbox 285 4161 338 4208; x_wconf 80' lang='grc' dir='ltr'>τονὶ</span> <span class='ocrx_word' id='word_1_351' title='bbox 352 4159 393 4207; x_wconf 82' lang='grc' dir='ltr'>τὸν</span> <span class='ocrx_word' id='word_1_352' title='bbox 402 4159 485 4218; x_wconf 72' lang='grc' dir='ltr'>καιρὸν</span> <span class='ocrx_word' id='word_1_353' title='bbox 496 4158 508 4206; x_wconf 81' lang='grc' dir='ltr'>ὁ</span> <span class='ocrx_word' id='word_1_354' title='bbox 519 4175 544 4217; x_wconf 83' lang='grc' dir='ltr'>μ.</span> <span class='ocrx_word' id='word_1_355' title='bbox 559 4156 682 4215; x_wconf 74' lang='grc' dir='ltr'>Τιμόθεος.</span> 
     </span>
    </p>

    <p class='ocr_par' dir='ltr' id='par_1_13' title="bbox 317 4239 812 4304">
     <span class='ocr_line' id='line_1_42' title="bbox 317 4239 812 4304; baseline 0.008 -16"><span class='ocrx_word' id='word_1_356' title='bbox 317 4242 372 4289; x_wconf 80' lang='lat' dir='ltr'>dis.</span> <span class='ocrx_word' id='word_1_357' title='bbox 385 4240 472 4304; x_wconf 66' lang='lat' dir='ltr'>utrique</span> <span class='ocrx_word' id='word_1_358' title='bbox 484 4241 534 4288; x_wconf 81' lang='lat' dir='ltr'>‘ad</span> <span class='ocrx_word' id='word_1_359' title='bbox 542 4239 586 4302; x_wconf 82' lang='lat' dir='ltr'>tc’]</span> <span class='ocrx_word' id='word_1_360' title='bbox 604 4240 642 4290; x_wconf 85' lang='lat' dir='ltr'>Cf.</span> <span class='ocrx_word' id='word_1_361' title='bbox 658 4241 709 4291; x_wconf 82' lang='lat' dir='ltr'>Tit.</span> <span class='ocrx_word' id='word_1_362' title='bbox 722 4241 755 4292; x_wconf 87' lang='lat' dir='ltr'>iii.</span> <span class='ocrx_word' id='word_1_363' title='bbox 774 4258 812 4292; x_wconf 80' lang='lat' dir='ltr'>rs.</span> 
     </span>
    </p>

    <p class='ocr_par' dir='ltr' id='par_1_14' title="bbox 288 4322 863 4455">
     <span class='ocr_line' id='line_1_43' title="bbox 319 4322 863 4386; baseline 0.009 -18"><span class='ocrx_word' id='word_1_364' title='bbox 319 4335 342 4385; x_wconf 84' lang='lat'>7.</span> <span class='ocrx_word' id='word_1_365' title='bbox 384 4322 446 4369; x_wconf 85' lang='lat' dir='ltr'>dicit</span> <span class='ocrx_word' id='word_1_366' title='bbox 470 4322 552 4378; x_wconf 71' lang='lat' dir='ltr'>misn5</span> <span class='ocrx_word' id='word_1_367' title='bbox 576 4322 649 4370; x_wconf 78' lang='lat' dir='ltr'>‘hacc</span> <span class='ocrx_word' id='word_1_368' title='bbox 665 4324 713 4371; x_wconf 86' lang='lat' dir='ltr'>tibi</span> <span class='ocrx_word' id='word_1_369' title='bbox 731 4324 788 4373; x_wconf 65' lang='lat' dir='ltr'>scr!</span> <span class='ocrx_word' id='word_1_370' title='bbox 806 4323 863 4386; x_wconf 68' lang='lat' dir='ltr'>dc]</span> 
     </span>
     <span class='ocr_line' id='line_1_44' title="bbox 288 4402 863 4455; baseline 0.007 -5"><span class='ocrx_word' id='word_1_371' title='bbox 288 4403 369 4451; x_wconf 89' lang='lat' dir='ltr'>‘That</span> <span class='ocrx_word' id='word_1_372' title='bbox 392 4418 407 4450; x_wconf 92' lang='lat' dir='ltr'>a</span> <span class='ocrx_word' id='word_1_373' title='bbox 429 4402 600 4452; x_wconf 88' lang='lat' dir='ltr'>considerable</span> <span class='ocrx_word' id='word_1_374' title='bbox 622 4403 727 4453; x_wconf 81' lang='lat' dir='ltr'>interval</span> <span class='ocrx_word' id='word_1_375' title='bbox 749 4404 779 4453; x_wconf 86' lang='lat' dir='ltr'>ot&#39;</span> <span class='ocrx_word' id='word_1_376' title='bbox 803 4406 863 4455; x_wconf 89' lang='lat' dir='ltr'>time</span> 
     </span>
    </p>
   </div>
   <div class='ocr_carea' id='block_1_12' title="bbox 913 3019 1477 4385">
    <p class='ocr_par' dir='ltr' id='par_1_15' title="bbox 913 3019 1477 4385">
     <span class='ocr_line' id='line_1_45' title="bbox 913 3019 1474 3093; baseline -0.012 -17"><span class='ocrx_word' id='word_1_377' title='bbox 913 3027 1008 3092; x_wconf 83' lang='lat' dir='ltr'>proved</span> <span class='ocrx_word' id='word_1_378' title='bbox 1024 3027 1059 3092; x_wconf 91' lang='lat' dir='ltr'>by</span> <span class='ocrx_word' id='word_1_379' title='bbox 1069 3026 1216 3093; x_wconf 84' lang='lat' dir='ltr'>comparing</span> <span class='ocrx_word' id='word_1_380' title='bbox 1234 3043 1246 3077; x_wconf 91' lang='lat' dir='ltr'>r</span> <span class='ocrx_word' id='word_1_381' title='bbox 1261 3025 1329 3075; x_wconf 88' lang='lat' dir='ltr'>Tim.</span> <span class='ocrx_word' id='word_1_382' title='bbox 1340 3024 1374 3073; x_wconf 87' lang='lat' dir='ltr'>iii.</span> <span class='ocrx_word' id='word_1_383' title='bbox 1388 3039 1414 3085; x_wconf 85' lang='lat'>14</span> <span class='ocrx_word' id='word_1_384' title='bbox 1423 3019 1474 3069; x_wconf 81' lang='lat' dir='ltr'>with</span> 
     </span>
     <span class='ocr_line' id='line_1_46' title="bbox 914 3102 1475 3172; baseline -0.011 -15"><span class='ocrx_word' id='word_1_385' title='bbox 914 3107 1013 3157; x_wconf 81' lang='lat' dir='ltr'>eTim.</span> <span class='ocrx_word' id='word_1_386' title='bbox 1026 3106 1059 3157; x_wconf 85' lang='lat' dir='ltr'>iv.</span> <span class='ocrx_word' id='word_1_387' title='bbox 1073 3106 1097 3167; x_wconf 91' lang='lat'>6,</span> <span class='ocrx_word' id='word_1_388' title='bbox 1111 3124 1135 3172; x_wconf 79' lang='lat' dir='ltr'>p.</span> <span class='ocrx_word' id='word_1_389' title='bbox 1168 3108 1204 3157; x_wconf 85' lang='lat' dir='ltr'>At</span> <span class='ocrx_word' id='word_1_390' title='bbox 1220 3106 1263 3157; x_wconf 89' lang='lat' dir='ltr'>the</span> <span class='ocrx_word' id='word_1_391' title='bbox 1278 3106 1339 3157; x_wconf 88' lang='lat' dir='ltr'>time</span> <span class='ocrx_word' id='word_1_392' title='bbox 1353 3105 1381 3155; x_wconf 83' lang='lat' dir='ltr'>of</span> <span class='ocrx_word' id='word_1_393' title='bbox 1389 3102 1475 3163; x_wconf 75' lang='lat' dir='ltr'>writing</span> 
     </span>
     <span class='ocr_line' id='line_1_47' title="bbox 913 3185 1477 3255; baseline -0.012 -16"><span class='ocrx_word' id='word_1_394' title='bbox 913 3190 956 3239; x_wconf 89' lang='lat' dir='ltr'>the</span> <span class='ocrx_word' id='word_1_395' title='bbox 968 3189 1020 3239; x_wconf 89' lang='lat' dir='ltr'>first</span> <span class='ocrx_word' id='word_1_396' title='bbox 1032 3189 1091 3255; x_wconf 71' lang='lat' dir='ltr'>Ep„</span> <span class='ocrx_word' id='word_1_397' title='bbox 1103 3190 1129 3239; x_wconf 91' lang='lat' dir='ltr'>S.</span> <span class='ocrx_word' id='word_1_398' title='bbox 1144 3189 1207 3238; x_wconf 77' lang='lat' dir='ltr'>Paul</span> <span class='ocrx_word' id='word_1_399' title='bbox 1217 3187 1311 3238; x_wconf 86' lang='lat' dir='ltr'>looked</span> <span class='ocrx_word' id='word_1_400' title='bbox 1322 3185 1421 3237; x_wconf 72' lang='lat' dir='ltr'>loneard</span> <span class='ocrx_word' id='word_1_401' title='bbox 1431 3193 1477 3233; x_wconf 75' lang='lat' dir='ltr'>toa</span> 
     </span>
     <span class='ocr_line' id='line_1_48' title="bbox 913 3267 1474 3336; baseline -0.016 -14"><span class='ocrx_word' id='word_1_402' title='bbox 913 3287 1002 3322; x_wconf 85' lang='lat' dir='ltr'>season</span> <span class='ocrx_word' id='word_1_403' title='bbox 1021 3273 1051 3321; x_wconf 84' lang='lat' dir='ltr'>ol</span> <span class='ocrx_word' id='word_1_404' title='bbox 1065 3272 1156 3336; x_wconf 80' lang='lat' dir='ltr'>liberty</span> <span class='ocrx_word' id='word_1_405' title='bbox 1173 3272 1224 3320; x_wconf 82' lang='lat' dir='ltr'>and</span> <span class='ocrx_word' id='word_1_406' title='bbox 1243 3270 1358 3321; x_wconf 81' lang='lat' dir='ltr'>renewed</span> <span class='ocrx_word' id='word_1_407' title='bbox 1374 3267 1474 3329; x_wconf 81' lang='lat' dir='ltr'>activity;</span> 
     </span>
     <span class='ocr_line' id='line_1_49' title="bbox 914 3345 1474 3414; baseline 0 -14"><span class='ocrx_word' id='word_1_408' title='bbox 914 3352 987 3401; x_wconf 81' lang='lat' dir='ltr'>when</span> <span class='ocrx_word' id='word_1_409' title='bbox 1006 3352 1039 3402; x_wconf 86' lang='lat' dir='ltr'>he</span> <span class='ocrx_word' id='word_1_410' title='bbox 1055 3360 1133 3402; x_wconf 81' lang='lat' dir='ltr'>wrote</span> <span class='ocrx_word' id='word_1_411' title='bbox 1150 3352 1193 3402; x_wconf 86' lang='lat' dir='ltr'>the</span> <span class='ocrx_word' id='word_1_412' title='bbox 1205 3351 1308 3412; x_wconf 76' lang='lat' dir='ltr'>second,</span> <span class='ocrx_word' id='word_1_413' title='bbox 1326 3351 1358 3401; x_wconf 93' lang='lat' dir='ltr'>he</span> <span class='ocrx_word' id='word_1_414' title='bbox 1370 3345 1474 3414; x_wconf 70' lang='lat' dir='ltr'>expected</span> 
     </span>
     <span class='ocr_line' id='line_1_50' title="bbox 913 3426 1475 3483; baseline -0.012 -1"><span class='ocrx_word' id='word_1_415' title='bbox 913 3448 947 3483; x_wconf 90' lang='lat' dir='ltr'>no</span> <span class='ocrx_word' id='word_1_416' title='bbox 964 3432 1058 3483; x_wconf 77' lang='lat' dir='ltr'>release</span> <span class='ocrx_word' id='word_1_417' title='bbox 1076 3433 1122 3483; x_wconf 91' lang='lat' dir='ltr'>but</span> <span class='ocrx_word' id='word_1_418' title='bbox 1138 3432 1194 3482; x_wconf 88' lang='lat' dir='ltr'>that</span> <span class='ocrx_word' id='word_1_419' title='bbox 1212 3433 1242 3482; x_wconf 87' lang='lat' dir='ltr'>ol</span> <span class='ocrx_word' id='word_1_420' title='bbox 1259 3432 1300 3482; x_wconf 88' lang='lat' dir='ltr'>bis</span> <span class='ocrx_word' id='word_1_421' title='bbox 1317 3430 1397 3481; x_wconf 79' lang='lat' dir='ltr'>death</span> <span class='ocrx_word' id='word_1_422' title='bbox 1428 3426 1475 3477; x_wconf 83' lang='lat' dir='ltr'>The</span> 
     </span>
     <span class='ocr_line' id='line_1_51' title="bbox 916 3508 1475 3578; baseline -0.013 -15"><span class='ocrx_word' id='word_1_423' title='bbox 916 3514 981 3578; x_wconf 87' lang='lat' dir='ltr'>Epp.</span> <span class='ocrx_word' id='word_1_424' title='bbox 995 3512 1118 3563; x_wconf 85' lang='lat' dir='ltr'>therefore</span> <span class='ocrx_word' id='word_1_425' title='bbox 1131 3513 1222 3577; x_wconf 81' lang='lat' dir='ltr'>clearly</span> <span class='ocrx_word' id='word_1_426' title='bbox 1233 3514 1327 3577; x_wconf 84' lang='lat' dir='ltr'>belong</span> <span class='ocrx_word' id='word_1_427' title='bbox 1340 3521 1365 3562; x_wconf 93' lang='lat' dir='ltr'>to</span> <span class='ocrx_word' id='word_1_428' title='bbox 1379 3519 1425 3561; x_wconf 82' lang='lat' dir='ltr'>two</span> <span class='ocrx_word' id='word_1_429' title='bbox 1434 3508 1475 3556; x_wconf 91' lang='lat' dir='ltr'>dis·</span> 
     </span>
     <span class='ocr_line' id='line_1_52' title="bbox 914 3592 1473 3661; baseline -0.004 -18"><span class='ocrx_word' id='word_1_430' title='bbox 914 3594 976 3645; x_wconf 87' lang='lat' dir='ltr'>tinet</span> <span class='ocrx_word' id='word_1_431' title='bbox 993 3595 1094 3661; x_wconf 87' lang='lat' dir='ltr'>periods</span> <span class='ocrx_word' id='word_1_432' title='bbox 1111 3594 1140 3644; x_wconf 87' lang='lat' dir='ltr'>ol</span> <span class='ocrx_word' id='word_1_433' title='bbox 1159 3595 1184 3645; x_wconf 88' lang='lat' dir='ltr'>S.</span> <span class='ocrx_word' id='word_1_434' title='bbox 1206 3593 1290 3644; x_wconf 85' lang='lat' dir='ltr'>Paul&#39;s</span> <span class='ocrx_word' id='word_1_435' title='bbox 1307 3592 1366 3644; x_wconf 73' lang='lat' dir='ltr'>lite!</span> <span class='ocrx_word' id='word_1_436' title='bbox 1397 3592 1473 3653; x_wconf 77' lang='lat' dir='ltr'>Chrys</span> 
     </span>
     <span class='ocr_line' id='line_1_53' title="bbox 913 3670 1474 3736; baseline -0.005 -16"><span class='ocrx_word' id='word_1_437' title='bbox 913 3672 967 3722; x_wconf 83' lang='lat' dir='ltr'>also</span> <span class='ocrx_word' id='word_1_438' title='bbox 978 3673 1049 3722; x_wconf 85' lang='lat' dir='ltr'>takes</span> <span class='ocrx_word' id='word_1_439' title='bbox 1060 3681 1119 3723; x_wconf 89' lang='lat' dir='ltr'>note</span> <span class='ocrx_word' id='word_1_440' title='bbox 1133 3672 1162 3722; x_wconf 84' lang='lat' dir='ltr'>ol</span> <span class='ocrx_word' id='word_1_441' title='bbox 1175 3671 1218 3722; x_wconf 89' lang='lat' dir='ltr'>the</span> <span class='ocrx_word' id='word_1_442' title='bbox 1234 3673 1332 3736; x_wconf 80' lang='lat' dir='ltr'>change</span> <span class='ocrx_word' id='word_1_443' title='bbox 1346 3670 1374 3721; x_wconf 84' lang='lat' dir='ltr'>ol</span> <span class='ocrx_word' id='word_1_444' title='bbox 1385 3670 1474 3720; x_wconf 88' lang='lat' dir='ltr'>circum·</span> 
     </span>
     <span class='ocr_line' id='line_1_54' title="bbox 914 3749 1474 3812; baseline -0.011 -11"><span class='ocrx_word' id='word_1_445' title='bbox 914 3758 1020 3812; x_wconf 80' lang='lat' dir='ltr'>stunces,</span> <span class='ocrx_word' id='word_1_446' title='bbox 1033 3753 1079 3801; x_wconf 89' lang='lat' dir='ltr'>but</span> <span class='ocrx_word' id='word_1_447' title='bbox 1095 3752 1177 3801; x_wconf 77' lang='lat' dir='ltr'>draus</span> <span class='ocrx_word' id='word_1_448' title='bbox 1191 3768 1207 3801; x_wconf 82' lang='lat' dir='ltr'>a</span> <span class='ocrx_word' id='word_1_449' title='bbox 1223 3752 1359 3802; x_wconf 81' lang='lat' dir='ltr'>somewhat</span> <span class='ocrx_word' id='word_1_450' title='bbox 1374 3749 1474 3799; x_wconf 82' lang='lat' dir='ltr'>different</span> 
     </span>
     <span class='ocr_line' id='line_1_55' title="bbox 915 3832 1475 3895; baseline -0.013 -12"><span class='ocrx_word' id='word_1_451' title='bbox 915 3833 1057 3884; x_wconf 77' lang='lat' dir='ltr'>inserenocs</span> <span class='ocrx_word' id='word_1_452' title='bbox 1081 3835 1106 3881; x_wconf 83' lang='lat' dir='ltr'>rt</span> <span class='ocrx_word' id='word_1_453' title='bbox 1132 3834 1285 3893; x_wconf 70' lang='lat' dir='ltr'>detruserat</span> <span class='ocrx_word' id='word_1_454' title='bbox 1305 3834 1411 3895; x_wconf 76' lang='grc' dir='ltr'>δευτέραν</span> <span class='ocrx_word' id='word_1_455' title='bbox 1431 3832 1475 3877; x_wconf 78' lang='lat' dir='ltr'>iss·</span> 
     </span>
     <span class='ocr_line' id='line_1_56' title="bbox 915 3912 1476 3977; baseline -0.011 -13"><span class='ocrx_word' id='word_1_456' title='bbox 915 3917 1013 3965; x_wconf 70' lang='grc' dir='ltr'>στέλλει</span> <span class='ocrx_word' id='word_1_457' title='bbox 1029 3912 1065 3977; x_wconf 74' lang='grc' dir='ltr'>τῷ</span> <span class='ocrx_word' id='word_1_458' title='bbox 1080 3915 1107 3964; x_wconf 73' lang='grc' dir='ltr'>Τ.</span> <span class='ocrx_word' id='word_1_459' title='bbox 1126 3916 1281 3975; x_wconf 68' lang='grc' dir='ltr'>ἑπιστιλήνς</span> <span class='ocrx_word' id='word_1_460' title='bbox 1301 3916 1367 3962; x_wconf 77' lang='lat' dir='ltr'>eires</span> <span class='ocrx_word' id='word_1_461' title='bbox 1385 3912 1476 3969; x_wconf 70' lang='grc' dir='ltr'>’ἐλπίζω</span> 
     </span>
     <span class='ocr_line' id='line_1_57' title="bbox 914 3995 1475 4059; baseline -0.009 -13"><span class='ocrx_word' id='word_1_462' title='bbox 914 3998 994 4046; x_wconf 81' lang='grc' dir='ltr'>ἐλθεῖν</span> <span class='ocrx_word' id='word_1_463' title='bbox 1017 3995 1076 4059; x_wconf 75' lang='grc' dir='ltr'>πρὸς</span> <span class='ocrx_word' id='word_1_464' title='bbox 1103 3998 1132 4047; x_wconf 73' lang='lat' dir='ltr'>oi</span> <span class='ocrx_word' id='word_1_465' title='bbox 1156 3996 1270 4057; x_wconf 75' lang='lat' dir='ltr'>rdxros&#39;·</span> <span class='ocrx_word' id='word_1_466' title='bbox 1303 3999 1345 4047; x_wconf 71' lang='lat' dir='ltr'>ote</span> <span class='ocrx_word' id='word_1_467' title='bbox 1366 3997 1475 4056; x_wconf 74' lang='grc' dir='ltr'>ἐξεγένετο</span> 
     </span>
     <span class='ocr_line' id='line_1_58' title="bbox 913 4076 1475 4142; baseline -0.009 -14"><span class='ocrx_word' id='word_1_468' title='bbox 913 4076 996 4128; x_wconf 79' lang='grc' dir='ltr'>τοῦτο·</span> <span class='ocrx_word' id='word_1_469' title='bbox 1014 4081 1190 4141; x_wconf 77' lang='grc' dir='ltr'>παραμυθεῖται</span> <span class='ocrx_word' id='word_1_470' title='bbox 1203 4078 1277 4129; x_wconf 71' lang='grc' dir='ltr'>αὐτὸν</span> <span class='ocrx_word' id='word_1_471' title='bbox 1292 4081 1331 4129; x_wconf 75' lang='grc' dir='ltr'>διὰ</span> <span class='ocrx_word' id='word_1_472' title='bbox 1342 4079 1475 4142; x_wconf 69' lang='grc' dir='ltr'>γραμμάτια</span> 
     </span>
     <span class='ocr_line' id='line_1_59' title="bbox 914 4156 1476 4223; baseline -0.009 -14"><span class='ocrx_word' id='word_1_473' title='bbox 914 4158 969 4209; x_wconf 75' lang='grc' dir='ltr'>ἀντὶ</span> <span class='ocrx_word' id='word_1_474' title='bbox 985 4162 1028 4219; x_wconf 82' lang='grc' dir='ltr'>τῆς</span> <span class='ocrx_word' id='word_1_475' title='bbox 1045 4161 1238 4223; x_wconf 70' lang='grc' dir='ltr'>παρουσίας...οὒ</span> <span class='ocrx_word' id='word_1_476' title='bbox 1252 4162 1290 4210; x_wconf 78' lang='lat' dir='ltr'>did</span> <span class='ocrx_word' id='word_1_477' title='bbox 1302 4161 1443 4223; x_wconf 72' lang='grc' dir='ltr'>γραμμάτων</span> <span class='ocrx_word' id='word_1_478' title='bbox 1455 4156 1476 4204; x_wconf 77' lang='lat' dir='ltr'>ii</span> 
     </span>
     <span class='ocr_line' id='line_1_60' title="bbox 913 4236 1477 4305; baseline -0.005 -14"><span class='ocrx_word' id='word_1_479' title='bbox 913 4240 986 4291; x_wconf 76' lang='lat' dir='ltr'>oriris</span> <span class='ocrx_word' id='word_1_480' title='bbox 1002 4244 1180 4305; x_wconf 81' lang='grc' dir='ltr'>παραμυθεῖται</span> <span class='ocrx_word' id='word_1_481' title='bbox 1192 4240 1273 4301; x_wconf 70' lang='grc' dir='ltr'>μόνον,</span> <span class='ocrx_word' id='word_1_482' title='bbox 1288 4243 1353 4291; x_wconf 76' lang='grc' dir='ltr'>ἀλλὰ</span> <span class='ocrx_word' id='word_1_483' title='bbox 1365 4242 1403 4291; x_wconf 81' lang='lat' dir='ltr'>rui</span> <span class='ocrx_word' id='word_1_484' title='bbox 1417 4236 1477 4288; x_wconf 73' lang='lat' dir='ltr'>satri</span> 
     </span>
     <span class='ocr_line' id='line_1_61' title="bbox 913 4320 1357 4385; baseline 0.005 -14"><span class='ocrx_word' id='word_1_485' title='bbox 913 4321 972 4385; x_wconf 73' lang='grc' dir='ltr'>πρὸς</span> <span class='ocrx_word' id='word_1_486' title='bbox 983 4320 1081 4372; x_wconf 74' lang='grc' dir='ltr'>ἑαυτόν·</span> <span class='ocrx_word' id='word_1_487' title='bbox 1102 4323 1271 4383; x_wconf 58' lang='lat' dir='ltr'>‘notiorem’</span> <span class='ocrx_word' id='word_1_488' title='bbox 1285 4327 1357 4373; x_wconf 82' lang='grc' dir='ltr'>κ.τ.λ.</span> 
     </span>
    </p>
   </div>
   <div class='ocr_carea' id='block_1_13' title="bbox 949 4399 1475 4465">
    <p class='ocr_par' dir='ltr' id='par_1_16' title="bbox 949 4399 1475 4465">
     <span class='ocr_line' id='line_1_62' title="bbox 949 4399 1475 4465; baseline -0.002 -14"><span class='ocrx_word' id='word_1_489' title='bbox 949 4418 985 4453; x_wconf 76' lang='grc' dir='ltr'>ιν.</span> <span class='ocrx_word' id='word_1_490' title='bbox 1019 4404 1108 4453; x_wconf 79' lang='lat' dir='ltr'>scribit</span> <span class='ocrx_word' id='word_1_491' title='bbox 1121 4411 1203 4453; x_wconf 82' lang='lat' dir='ltr'>autem</span> <span class='ocrx_word' id='word_1_492' title='bbox 1217 4405 1291 4461; x_wconf 78' lang='lat' dir='ltr'>hanc,</span> <span class='ocrx_word' id='word_1_493' title='bbox 1308 4403 1365 4465; x_wconf 74' lang='lat' dir='ltr'>dio]</span> <span class='ocrx_word' id='word_1_494' title='bbox 1389 4399 1475 4452; x_wconf 72' lang='lat' dir='ltr'>Astiis</span> 
     </span>
    </p>
   </div>
   <div class='ocr_carea' id='block_1_14' title="bbox 285 4480 1478 4548">
    <p class='ocr_par' dir='ltr' id='par_1_17' title="bbox 285 4480 1478 4548">
     <span class='ocr_line' id='line_1_63' title="bbox 285 4480 1478 4548; baseline 0.008 -19"><span class='ocrx_word' id='word_1_495' title='bbox 285 4480 386 4543; x_wconf 83' lang='lat' dir='ltr'>elnpsed</span> <span class='ocrx_word' id='word_1_496' title='bbox 415 4481 527 4530; x_wconf 86' lang='lat' dir='ltr'>between</span> <span class='ocrx_word' id='word_1_497' title='bbox 556 4484 598 4532; x_wconf 91' lang='lat' dir='ltr'>the</span> <span class='ocrx_word' id='word_1_498' title='bbox 626 4492 675 4532; x_wconf 85' lang='lat' dir='ltr'>two</span> <span class='ocrx_word' id='word_1_499' title='bbox 704 4484 813 4548; x_wconf 87' lang='lat' dir='ltr'>Epistles</span> <span class='ocrx_word' id='word_1_500' title='bbox 841 4484 862 4534; x_wconf 88' lang='lat' dir='ltr'>is</span> <span class='ocrx_word' id='word_1_501' title='bbox 912 4487 995 4535; x_wconf 87' lang='lat' dir='ltr'>clause</span> <span class='ocrx_word' id='word_1_502' title='bbox 1017 4502 1073 4535; x_wconf 80' lang='lat' dir='ltr'>now</span> <span class='ocrx_word' id='word_1_503' title='bbox 1092 4486 1184 4548; x_wconf 81' lang='lat' dir='ltr'>stands,</span> <span class='ocrx_word' id='word_1_504' title='bbox 1208 4487 1236 4539; x_wconf 70' lang='lat' dir='ltr'>it.</span> <span class='ocrx_word' id='word_1_505' title='bbox 1250 4487 1397 4537; x_wconf 82' lang='lat' dir='ltr'>contradicts</span> <span class='ocrx_word' id='word_1_506' title='bbox 1414 4482 1478 4545; x_wconf 71' lang='lat' dir='ltr'>&#39;lb-&#39;⁸</span> 
     </span>
    </p>
   </div>
   <div class='ocr_carea' id='block_1_15' title="bbox 0 0 1580 5092">
    <p class='ocr_par' dir='ltr' id='par_1_18' title="bbox 0 0 1580 5092">
     <span class='ocr_line' id='line_1_64' title="bbox 0 0 1580 5092; baseline 0 0"><span class='ocrx_word' id='word_1_507' title='bbox 0 0 1580 5092; x_wconf 95' lang='lat' dir='ltr'> </span> 
     </span>
    </p>
   </div>
  </div>
 </body>
</html>
