3142 5100
109 404 138 470 V.
157 409 207 492 ro]
423 421 465 472 ru
491 423 542 474 aa.
566 422 617 470 no
640 420 872 471 rrnroauuuu
898 421 918 468 r.
1226 404 1281 465 161

69 649 73 660 .
107 591 173 655 dicit
199 601 294 676 ‘quae
327 615 393 658 non
430 597 613 658 secundum
644 594 772 676 accepit
800 592 994 670 maritum';
1028 592 1099 674 ipse
1130 589 1219 652 enim
1252 590 1285 652 id

106 693 161 757 lieri
183 699 268 762 dedit
292 700 474 774 consilium,
499 700 589 781 quod
616 718 828 779 nequaquam
851 697 962 780 aliqua
989 698 1117 760 ratione
1144 696 1285 759 incusari

103 801 181 881 quasi
194 802 343 867 indecens
359 804 569 886 patiebatur;
594 805 651 867 sed
672 804 717 865 ‘si
736 804 857 886 pudice
878 822 954 865 cum
976 823 1037 864 suo
1060 799 1183 864 uixerit
1206 798 1286 872 uiro',

104 905 160 967 siue
178 927 275 971 unum
295 918 426 971 tantum
448 908 610 984 habuerit,
627 909 696 969 siue
716 917 749 969 et
771 907 918 969 secundo
933 904 1030 968 suerit
1047 899 1196 986 nupta,'*
1212 910 1285 965 tan-

103 1018 160 1070 tum
174 1011 197 1072 si
212 1012 301 1074 alteri
325 1033 508 1094 numquam
532 1012 674 1075 intendit
697 1031 737 1073 eo
755 1019 906 1091 tempore
928 1030 995 1091 quo
1012 1010 1167 1072 maritum
1184 1005 1285 1069 habe-
1324 1023 1339 1087 5

100 1110 165 1189 bat;
185 1116 372 1194 pudicitiam
388 1117 512 1178 etenim
532 1116 667 1196 requirit
685 1113 728 1176 ab
744 1113 907 1176 eiusmodi
928 1114 1045 1177 uiduis.
1091 1134 1170 1176 nam
1186 1113 1283 1195 pudi-

100 1215 194 1279 citiam
215 1229 425 1300 exequuntur
444 1219 545 1280 etiam
566 1229 600 1281 et
625 1218 700 1280 illae
726 1237 813 1298 quae
840 1217 873 1279 in
896 1218 1053 1300 coniugio
1074 1220 1193 1300 pudice
1217 1220 1285 1282 suis

102 1318 166 1380 uiris
191 1325 369 1386 conuiuunt
399 1325 469 1386 siue
499 1344 575 1386 cum
607 1325 715 1405 primo
746 1322 874 1397 marito,
908 1323 979 1385 siue
1009 1343 1084 1385 cum
1120 1325 1287 1400 secundo;

101 1421 314 1490 inconueniens
343 1430 468 1491 etenim
498 1439 569 1491 erat
599 1429 671 1491 illas
700 1447 786 1509 quae
822 1427 974 1489 secundis
1002 1427 1125 1508 nuptiis
1156 1427 1287 1490 iunctae

100 1521 237 1593 uirtutum
269 1532 386 1594 studiis
416 1542 454 1594 ut
483 1533 640 1595 conuenit
670 1540 748 1593 sunt
778 1531 969 1604 adornatae,
999 1531 1119 1593 deinde
1143 1531 1344 1612 adpro-10

99 1627 217 1697 lundam
239 1644 446 1699 senectutem
468 1647 546 1699 sunt
564 1638 728 1709 redactae,
755 1635 798 1697 ab
824 1633 1045 1697 ecclesiastica
1072 1655 1129 1697 eas
1152 1635 1285 1697 excludi

98 1733 260 1817 diligentia,
287 1741 333 1803 ita
363 1751 401 1803 ut
431 1751 568 1821 egentes
594 1741 732 1824 penuria
758 1749 974 1802 conterantur
997 1760 1037 1802 ea
1067 1739 1195 1802 ratione
1221 1760 1288 1821 qua

99 1842 226 1904 secundo
250 1840 369 1906 luerint
389 1845 521 1907 iunctae
544 1844 671 1907 maritoss
716 1844 807 1925 quod
830 1842 921 1906 nullo
937 1843 969 1904 in
990 1842 1064 1905 loco
1080 1841 1288 1924 prohibuisse

99 1939 174 2005 uisus
187 1957 235 2009 est
252 1946 395 2025 Paulus;
416 1969 461 2012 ex
483 1949 649 2012 contrario
672 1969 760 2024 uero,
776 1948 958 2010 excludens
974 1946 1237 2021 fornicationem,
1254 1945 1286 2008 id

98 2041 155 2108 lieri
169 2050 325 2114 adnuerit
371 2051 492 2115 deinde
507 2053 651 2117 adiecit:
1308 2072 1341 2137 15

150 2182 183 2244 in
196 2184 340 2266 operibus
355 2184 445 2248 bonis
459 2186 678 2250 testimonium
694 2186 820 2250 habens.

149 2313 179 2365 et
196 2304 257 2368 hoc
275 2306 411 2387 quidem
428 2308 619 2369 summatim
637 2306 840 2388 explicauit;
863 2306 895 2367 in
913 2305 1192 2388 subsequentibus
1207 2326 1287 2368 uero

94 2403 171 2488 illud,
177 2428 236 2490 per
251 2418 362 2490 partes
378 2410 490 2491 egerit,
506 2411 640 2473 dicens:

148 2563 176 2615 et
188 2547 318 2637 sifilios
332 2556 476 2620 enutriit,

146 2671 225 2755 †illa
240 2686 354 2739 autem
375 2697 461 2758 quae
482 2698 615 2740 suorum
637 2678 779 2742 filiorum
796 2700 908 2743 curam
926 2700 993 2742 non
1009 2679 1135 2756 habuit,
1150 2682 1288 2746 euidens
1303 2695 1344 2740 20

89 2786 133 2839 est
147 2780 285 2843 multam
302 2780 580 2845 inhumanitatem
597 2784 629 2846 in
646 2784 796 2847 animum
808 2783 967 2847 habuisse
982 2783 1109 2848 suum*

87 2936 179 3020 μένῃ)
205 2940 284 3007 ἀλλ’
309 2945 437 3032 “ἐκει’νῳ
466 2948 797 3035 προσκαρτερήσασα
822 2948 878 3015 καὶ
908 2947 1088 3037 σωφρόνως
1117 2947 1287 3028 βιώσασα,
1369 3004 1375 3015 .

86 3046 145 3111 εἴτε
167 3047 225 3112 ἕνα
246 3055 364 3116 τοῦτον
387 3051 496 3142 ἔσχεν,
520 3054 585 3118 εἴτε
606 3054 662 3119 καὶ
685 3053 833 3142 δεύτερον
854 3052 1016 3138 ἧνγάγετοῖ

143 3149 163 3230 ἦ
188 3150 254 3234 νγὰρ
281 3157 347 3219 των
367 3152 496 3222 οἰκείων
519 3156 564 3238 μὴ
590 3155 861 3241 ἐπιμελησιιμένη
887 3156 1017 3237 τέκνων,
1043 3155 1129 3240 δήλη
1155 3157 1288 3228 πάντως

84 3252 170 3319 ἐστὶν
191 3257 325 3338 πολλὴν
347 3257 404 3324 ἐπὶ
426 3263 483 3340 τῆς
505 3260 621 3350 ψυχῆς
644 3262 705 3343 τὴν
727 3261 971 3349 ἀπανθρωπίαν
993 3261 1128 3352 ἔχουσα.

129 3470 377 3520 rnonquaesec.r
507 3473 521 3520 3
538 3457 652 3508 indicens
666 3457 708 3507 C*
834 3471 849 3520 7
867 3465 891 3508 et
902 3474 941 3507 om
956 3456 994 3507 C'
1124 3476 1150 3509 11
1169 3474 1290 3508 easomr

86 3549 110 3581 ra
126 3550 219 3598 quaer
331 3553 358 3601 ¹3
376 3537 401 3586 in
412 3539 469 3587 loco
480 3555 518 3587 om
533 3540 554 3587 C
665 3553 692 3601 15
710 3539 786 3587 adicit
798 3555 814 3587 r
927 3554 957 3604 ¹9
973 3539 1089 3589 educauit
1103 3538 1262 3603 (forenutr.)
1274 3556 1290 3588 r

83 3632 107 3665 ar
126 3616 222 3674 animo,
233 3634 280 3667 suo
291 3636 307 3666 r
395 3636 426 3681 η
441 3622 508 3682 εἶχεν
519 3621 562 3670 Cr.
658 3636 689 3679 ²4
705 3636 742 3685 sq.
757 3621 837 3670 Coisl.
851 3635 905 3682 νον,
921 3620 939 3669 Ι.
952 3637 971 3669 c.
984 3622 1039 3683 [Cr.
1053 3622 1093 3671 vii.
1108 3636 1148 3685 40,
1163 3621 1204 3669 Fr.
1221 3622 1284 3684 154].

80 3791 195 3830 mosnon
206 3782 264 3831 sinit
275 3783 423 3848 praesidere,
430 3800 488 3834 cum
501 3785 603 3834 uiduam
614 3784 658 3834 ad·
709 3784 734 3832 in
753 3783 857 3833 detail.”
889 3784 930 3834 Ct'.
953 3784 1027 3834 Oen:
1046 3785 1133 3833 λοιπὸν
1152 3784 1201 3833 τοῖς
1219 3785 1288 3832 rutt-

81 3861 126 3925 legi
145 3863 173 3912 in
191 3865 308 3915 ordinem
326 3866 374 3916 uisi
389 3867 513 3917 uniuiram
525 3876 579 3916 ‘uon
598 3882 658 3915 con·
710 3880 801 3912 καστον
811 3865 978 3926 ἐπεξέρχεται.

81 3942 188 4006 tedulfi
223 3946 279 3995 The
303 3947 377 3995 latin
399 3958 594 3998 commentators
616 3964 659 3998 are
745 3962 782 4012 19·
816 3947 905 4011 ἄν]
920 3946 1034 4009 tundit]
1067 3945 1292 4012 Et,asapartol

79 4025 159 4084 alent,
167 4037 257 4094 except
266 4030 391 4087 sedulius.
399 4030 578 4081 whoventures
589 4047 658 4096 upon
709 4020 752 4076 the
774 4034 833 4087 text,
853 4027 898 4077 has
915 4044 948 4077 no
967 4036 1087 4093 support;
1111 4044 1152 4077 see
1173 4027 1290 4076 however

80 4106 121 4156 the
127 4110 278 4174 ambiguous
284 4111 398 4161 remark:
410 4112 499 4162 “unde
507 4112 660 4177 intellegitur
710 4125 734 4173 p.
753 4108 806 4170 161,
820 4110 838 4159 l.
854 4126 873 4172 r,
886 4127 924 4161 vv.
940 4111 966 4162 ll.
1003 4112 1054 4160 For
1065 4110 1173 4161 enutriit
1185 4108 1288 4173 (O.‘L.;

79 4190 144 4252 qnod
165 4191 212 4241 itta
232 4207 374 4256 quaecum
393 4192 506 4257 plurimis
525 4193 585 4243 uiris
602 4193 657 4253 luit,
712 4194 832 4252 Clarum..
847 4194 998 4254 “nutriuit,”
1015 4196 1149 4255 Ambrstr,
1173 4194 1288 4245 “enutri-

78 4272 154 4320 uidua
164 4288 217 4322 non
227 4271 287 4323 sit.’'
709 4273 772 4336 uit'’)
782 4276 825 4325 the
836 4276 912 4342 Vulg.
924 4278 970 4328 has
984 4276 1147 4328 “educauit”

111 4371 149 4419 14.
178 4357 347 4406 mommio
358 4357 493 4420 tetrade-1
511 4358 560 4409 See
575 4358 655 4409 rCor.
742 4372 781 4408 νο.
812 4375 874 4423 quae
886 4360 1066 4421 mammilio]
1094 4359 1135 4411 Cl.
1146 4368 1231 4425 supra,
1244 4377 1288 4429 pp.

77 4436 118 4488 vii.
130 4441 156 4499 8,
171 4456 203 4508 9;
219 4441 271 4491 and
282 4441 373 4502 below,
388 4458 412 4491 v.
426 4458 464 4505 ¹4·
713 4456 766 4502 155,
781 4442 798 4493 1.
816 4457 860 4507 13;
882 4456 934 4504 157,
949 4443 965 4493 l.
981 4457 1004 4505 3,
1017 4452 1096 4494 notes.

111 4525 149 4575 1⁸.
183 4532 232 4588 per
244 4531 330 4589 panes
344 4524 429 4589 egerit]
476 4521 600 4573 “Worlrs
615 4530 660 4573 out

165 4635 195 4686 S.
211 4636 249 4688 11.
713 4651 716 4657 ·
1164 4641 1197 4687 11
