3142 5100
250 401 312 451 100
572 396 802 451 THEODORUS
824 395 1119 452 mopsuestenus
1267 397 1272 404 '
1328 380 1410 466 [Ill.
1427 396 1448 444 2

245 572 337 657 quod
367 573 462 656 quasi
492 594 513 638 a
542 572 695 656 pluribus
724 575 930 640 obseruatur.
974 574 1003 638 si
1032 573 1121 638 enim
1160 571 1298 657 quidam
1335 570 1460 654 pudice

246 675 364 744 uiuens
378 679 560 743 secundam
576 679 742 762 acceperit
756 700 908 756 uxorem,
921 678 1023 745 talem
1040 680 1073 743 in
1085 678 1174 743 clero
1190 699 1257 742 non
1273 676 1436 759 recipiunt
1449 692 1459 752 ;
1569 741 1570 764 p

245 781 274 845 si
303 792 417 846 autem
447 782 584 867 quidam
615 781 731 846 uiuens
770 783 942 847 luxuriose
980 803 1081 846 unam
1111 779 1262 865 legitime
1291 780 1461 863 acceperit
1569 819 1570 822 =

247 907 397 964 uxorem,
422 887 450 949 is
473 886 506 950 in
530 885 617 950 clero
641 897 676 951 et
701 888 857 970 recipitur
879 898 913 952 et
938 888 1140 971 producitur,
1164 899 1199 952 et
1221 887 1356 970 quidem
1379 902 1459 949 cum
1569 927 1570 944 ι

216 1000 232 1068 5
248 991 366 1054 beatus
383 990 506 1054 Paulus
528 991 702 1056 euidenter
723 992 878 1057 adnuerit
895 995 1060 1058 secundas
1082 994 1206 1058 debere
1226 992 1360 1075 nuptias
1376 987 1460 1064 fieri,
1569 975 1570 1050 }

247 1095 357 1158 omnis
375 1115 463 1159 uero
486 1095 668 1178 permixtio
694 1116 782 1178 quae
812 1106 943 1178 praeter
967 1095 1134 1179 legitimas
1158 1097 1294 1181 nuptias
1315 1093 1462 1158 habetur

248 1199 387 1262 euidens
412 1198 587 1262 somicatio
614 1205 676 1263 est.
721 1206 756 1262 et
782 1198 915 1263 interim
938 1201 1170 1283 praetermitto
1193 1198 1284 1276 illud,
1307 1197 1398 1281 quod
1423 1204 1463 1261 et
1569 1213 1570 1240 ¹

248 1302 332 1367 duas
348 1324 471 1368 uxores
486 1303 653 1387 legitimas
668 1300 781 1385 palam
797 1304 998 1387 accipientes
1014 1315 1048 1369 et
1071 1304 1245 1388 baptizant
1266 1311 1300 1368 et
1320 1303 1352 1365 in
1369 1301 1463 1366 clero
1569 1289 1570 1348 ί

249 1462 361 1549 εὑρεῖν·
395 1464 424 1532 εἰ
441 1463 503 1549 μὲν
519 1462 583 1554 ’γάρ
599 1492 648 1536 τις
668 1465 716 1546 εἴη
735 1468 878 1555 σώφρων
897 1465 940 1538 ὥς
961 1465 1115 1554 δευτέραν
1132 1464 1289 1551 αἰγόμευος
1309 1467 1464 1548 ιγυναῖκαἸ

198 1589 237 1637 10
249 1571 364 1636 τοῦτον
378 1567 415 1635 ου’
430 1567 626 1656 προσίενται
641 1568 687 1639 εἷς
702 1572 836 1657 κλῆρον’
868 1569 897 1638 εί
914 1567 950 1634 δὲ
963 1568 1095 1649 βιώσας
1109 1594 1160 1640 τις
1175 1566 1218 1638 ὦς
1233 1565 1270 1634 οὐ
1290 1569 1464 1654 προσῆκεν
1569 1555 1570 1600 3

248 1670 329 1757 μίαν
350 1670 494 1757 ἠγάγετο
516 1670 601 1738 κατὰ
620 1672 728 1755 νόμον,
751 1669 847 1744 οὗτος
869 1671 914 1743 είς
935 1669 1038 1756 μέσον
1059 1669 1255 1759 παράγεται,
1275 1667 1382 1736 καίτοι
1401 1665 1464 1733 τὸν
1569 1729 1570 1752 q

248 1773 310 1860 μὲν
336 1774 486 1863 δεύτερον
507 1775 614 1861 ηάμον
638 1778 698 1842 τοῦ
723 1774 887 1860 μακαρίον
909 1774 1049 1842 Παύλου
1072 1777 1191 1862 σαφῶς
1217 1768 1465 1861 ἐπιτρόίιαντος
1569 1785 1570 1818 ¹

249 1874 409 1960 γίνεσθαι,
428 1873 542 1959 πάσης
563 1876 598 1944 δὲ
619 1881 679 1960 τῆς
701 1876 794 1962 παρὰ
815 1876 871 1945 τὸν
893 1876 1032 1962 νόμιμον
1053 1878 1160 1962 «γάμον
1181 1874 1293 1957 κοίτης
1310 1871 1464 1960 πορνείας
1569 1911 1570 1924 ¹

250 1979 350 2060 οὔσης
379 1983 504 2068 σαφῶς.
563 1978 620 2046 καὶ
644 1981 787 2068 παρίημι
812 1978 893 2051 τέως
918 1982 1029 2057 ἐκεῖνο,
1056 1979 1109 2047 ὅτι
1134 1979 1191 2046 καί
1217 1977 1275 2046 δύο
1303 1981 1465 2061 γυναῖκας

199 2105 234 2172 15
250 2082 412 2172 εἴληφίτα
441 2084 558 2171 σαφῶς
581 2083 748 2169 (νομίμους
776 2083 890 2171 λόγοι),
914 2083 1145 2164 βαπτίσαντες
1171 2082 1228 2151 ἐπὶ
1253 2080 1311 2150 τὸν
1339 2083 1467 2168 κλῆρον
1569 2121 1570 2172 3

302 2239 448 2306 rpruribus
466 2238 579 2304 (forpl.)
600 2237 644 2289 θ’
754 2238 909 2304 arecipiant
928 2235 1042 2303 cnm)
1151 2236 1275 2300 4clerioo
1293 2232 1332 2299 Cl
1346 2233 1466 2299 equidem
1569 2245 1570 2310 p

250 2322 285 2372 H
292 2321 297 2387 Ι
313 2321 339 2372 in
358 2320 447 2371 ceteris
466 2319 516 2384 (ast
531 2322 600 2383 cum)
622 2319 675 2369 add
687 2336 710 2369 r.
822 2319 839 2371 6
861 2327 978 2385 queretur
995 2320 1053 2385 (for
1067 2335 1133 2385 quae
1148 2315 1256 2385 praeter)
1271 2316 1313 2367 C*
1327 2314 1332 2381 Ι
1346 2314 1469 2380 legitimis
1569 2317 1570 2366 l

251 2403 345 2469 nuptiis
359 2403 402 2453 C*
410 2404 445 2454 H
559 2406 649 2468 8post
667 2402 719 2468 (blf
732 2404 803 2469 duas)
823 2405 876 2454 add
883 2402 1107 2470 rlaccipitesC*
1138 2401 1294 2467 accipitisli
1323 2407 1470 2465 acceptasr
1569 2397 1570 2454 j

255 2498 284 2545 14
301 2483 381 2543 οὔσης.
415 2484 500 2545 σαφῶς
510 2484 583 2545 οᾶὰς
597 2483 644 2533 for.
655 2484 705 2550 leg.
719 2487 792 2545 οὔσης
802 2488 904 2549 σαφοῦς.
1569 2467 1570 2480 ¹

286 2626 311 2661 α.
343 2610 419 2660 talem
439 2610 469 2661 in
485 2610 547 2662 clem
561 2627 614 2662 non
631 2612 767 2678 recinium]
791 2614 836 2665 Se·
883 2615 976 2665 ddvolr
989 2609 1073 2676 γίμοιι
1089 2615 1239 2674 συμπλακεὶς
1253 2613 1328 2674 μετὰ
1343 2613 1375 2663 τὸ
1391 2609 1469 2677 βίπ·
1569 2604 1570 2667 l

252 2690 319 2740 cond
336 2691 471 2756 marriages
488 2706 553 2741 were
570 2692 692 2756 regarded
705 2693 766 2743 with
786 2693 837 2744 dis·
882 2712 976 2756 τισμα
987 2694 1008 2746 is
1019 2696 1158 2756 excluded3
1176 2696 1227 2745 aud
1243 2696 1263 2745 it
1279 2694 1300 2746 is
1316 2694 1367 2745 this
1382 2710 1485 2745 canon.
1569 2700 1570 2745 1

253 2772 340 2823 favour
354 2773 443 2838 hythe
458 2775 527 2838 early
540 2774 649 2835 Choreb,
663 2777 713 2825 and
731 2791 794 2826 even
809 2775 836 2826 in
884 2777 967 2827 which
974 2777 1017 2827 the
1024 2777 1157 2841 Quinisext
1166 2777 1213 2827 Co.
1223 2776 1334 2840 verbally
1342 2783 1470 2827 reemcts
1569 2758 1570 2815 f

253 2856 297 2907 the
315 2871 373 2907 case
394 2856 425 2907 os
438 2855 539 2921 leymen
556 2873 573 2908 a
589 2873 701 2924 penance
718 2859 748 2909 oi
765 2874 837 2910 some
885 2857 950 2925 (can.
965 2857 1157 2924 ρώανεούμενοι
1171 2856 1213 2909 τὸν
1227 2854 1314 2907 xvim
1328 2858 1371 2907 τὸν
1384 2860 1469 2918 dio-ro·
1569 2864 1570 2887 ¹

253 2937 317 2988 kind
329 2953 380 2988 was
392 2938 490 3003 usually
501 2939 615 3005 imposed
627 2940 771 3006 (Bingham
785 2941 837 2991 xvi.
884 2940 985 3007 ρεὺοντα
995 2943 1038 2992 τὸν
1047 2943 1115 2992 δυσὶν
1123 2938 1209 3006 γάμοις
1220 2941 1395 3001 συμπλακέντα
1403 2940 1471 2998 μετὰ
1569 2924 1570 2961 T

253 3034 276 3070 c.
288 3019 321 3069 xi
340 3032 369 3082 73
393 3020 489 3082 Routh‚
508 3021 562 3072 rell.
581 3037 643 3072 sacr.
664 3021 697 3071 iv.
716 3036 761 3087 pp.
780 3019 836 3079 166,
884 3025 913 3075 τὸ
923 3023 1062 3089 βάπτισμα,
1076 3024 1173 3086 κ.τ.λ.).
1207 3024 1239 3073 ln
1250 3023 1294 3073 the
1302 3022 1382 3081 West,
1396 3022 1469 3071 how·
1569 3036 1570 3093 ι

256 3099 320 3167 ι95).
356 3104 406 3153 But
426 3103 493 3153 what
512 3117 565 3153 was
584 3103 670 3170 barely
686 3105 793 3154 allowed
809 3104 837 3155 in
885 3121 951 3163 ever,
963 3122 978 3155 a
989 3121 1060 3156 more
1075 3106 1168 3171 logical
1183 3105 1309 3155 strictness
1325 3103 1465 3169 prevailed,
1569 3098 1570 3125 ³

253 3184 296 3234 the
308 3184 416 3249 layman,
427 3185 503 3235 could
519 3192 564 3235 not
577 3186 610 3235 be
621 3186 743 3236 tolerated
755 3187 781 3236 in
793 3186 837 3237 the
884 3186 936 3236 and
952 3186 972 3236 it
988 3185 1010 3236 is
1026 3186 1125 3236 curious
1141 3193 1168 3235 to
1184 3185 1237 3235 find
1251 3184 1323 3235 Th’s
1339 3183 1470 3248 objection

253 3267 346 3332 priest3
363 3268 413 3318 and
430 3268 474 3317 the
491 3268 544 3317 rule
560 3267 643 3317 which
658 3268 707 3319 Th.
721 3284 838 3319 censuree
885 3268 1037 3333 anticipated
1049 3267 1084 3332 by
1095 3267 1122 3318 S.
1137 3266 1263 3317 Ambrose
1274 3265 1314 3325 (dc
1323 3265 1364 3329 off
1375 3265 1393 3316 i.
1405 3278 1468 3328 ²47²

253 3364 306 3399 was
322 3357 368 3400 not
384 3350 444 3416 only
460 3350 624 3415 widespread,
642 3351 689 3401 but
710 3351 837 3416 primitive
888 3349 1055 3413 “intellegere
1064 3348 1185 3399 debemus
1191 3347 1250 3413 quia
1257 3346 1384 3412 baptismo
1392 3346 1471 3411 culpa
1569 3344 1570 3369 ¹

255 3429 336 3494 (Tert.
347 3431 384 3479 ad
392 3446 464 3480 uxor.
476 3430 493 3482 i.
509 3442 531 3494 7,
544 3432 573 3481 de
583 3448 678 3496 nmmg.
689 3448 725 3493 ιι,
739 3432 768 3482 de
778 3433 834 3484 exh.
885 3432 979 3482 dimitti
993 3438 1083 3497 potest,
1097 3431 1139 3481 lex
1153 3429 1248 3480 aboleri
1258 3445 1311 3479 non
1322 3435 1414 3494 potest.
1442 3428 1470 3478 in

253 3520 311 3564 cast.
327 3526 357 3577 73
374 3514 446 3579 On‘g.
465 3516 494 3563 in
510 3515 572 3567 Luc.
589 3526 635 3579 173
653 3530 706 3580 esp.
726 3515 834 3582 Hippol.
885 3514 1003 3579 coniugio
1021 3530 1073 3564 non
1092 3515 1175 3579 culpa,
1195 3514 1240 3564 sed
1260 3513 1300 3564 lex
1319 3520 1373 3570 est;
1399 3512 1471 3577 quod
1569 3552 1570 3579 q

249 3595 339 3659 philos.
351 3595 386 3644 ix,
400 3609 429 3645 ια
441 3596 492 3659 [ed.
511 3596 640 3659 Duncker,
660 3613 687 3663 p.
704 3598 779 3663 4591:
796 3599 838 3648 ἐπὶ
885 3596 975 3662 culpae
986 3604 1023 3647 est
1037 3596 1114 3660 igitur
1128 3595 1154 3645 in
1166 3594 1317 3660 baptismate
1334 3593 1471 3652 relaxatur,
1569 3624 1570 3655 ς

178 3741 180 3744 Ι
253 3680 340 3727 τούτου
356 3678 410 3741 [τοῦ
422 3679 577 3740 Καλλίστου]
589 3678 691 3741 ἤρξαντο
707 3682 838 3729 ἐπίσκοπα
886 3679 956 3743 quod
966 3678 1028 3742 legis
1039 3687 1077 3728 est
1088 3678 1114 3727 in
1126 3677 1243 3741 coniugio
1256 3691 1308 3726 non
1324 3673 1473 3739 soluitur’').
1569 3674 1570 3739 J

255 3762 294 3810 rai
310 3763 469 3825 πρεσβύτεροι
490 3764 530 3811 καὶ
550 3760 657 3812 διάκονοι
676 3763 774 3823 δίγαμοι
796 3763 838 3813 καί
886 3758 912 3808 Α
924 3759 1022 3809 French
1038 3759 1119 3824 synod
1135 3759 1196 3808 held
1210 3766 1237 3808 nt
1249 3757 1360 3808 Valence
1377 3756 1404 3806 in
1422 3769 1472 3820 374
1569 3802 1570 3811 ,

253 3842 367 3905 τρίγαμοι
378 3844 540 3892 καθίστασθαι
551 3843 586 3894 είς
596 3841 717 3907 κλήρους).
885 3842 937 3893 had
947 3842 1090 3909 previously
1100 3842 1234 3893 embodied
1246 3840 1296 3891 this
1307 3839 1432 3905 principle
1442 3840 1472 3889 in

288 3937 310 3988 7.
346 3930 371 3974 et
385 3925 488 3974 interim
500 3923 753 3989 proclamando]
771 3925 837 3976 This
875 3939 902 3979 ,α
917 3939 999 3974 canon
1016 3924 1106 3984 (Cone.
1120 3923 1222 3973 Valent,
1242 3922 1259 3973 i.
1275 3937 1375 3972 can.1:
1395 3922 1473 3972 “nec
1569 3926 1570 3991 l

254 4005 401 4056 concession
411 4012 439 4056 to
449 4006 580 4071 digamists
588 4005 674 4056 whose
682 4006 778 4056 offence
786 4005 839 4055 had
886 4003 1062 4071 requirendum
1084 4012 1200 4055 utrumne
1219 4002 1311 4053 initiati
1328 4016 1473 4053 sacramen·
1569 4020 1570 4067 g

253 4089 319 4139 been
330 4089 477 4139 committed
492 4088 579 4139 before
593 4088 703 4153 baptism
718 4104 800 4139 seems
811 4096 838 4139 to
886 4087 920 4138 tis
939 4086 1031 4137 diuinis
1047 4101 1113 4136 anne
1128 4085 1236 4150 gentiles
1251 4085 1300 4136 hac
1319 4100 1347 4136 se
1364 4084 1475 4134 infelicis
1569 4076 1570 4167 l

254 4172 319 4222 have
334 4171 400 4222 been
416 4172 489 4222 usual
504 4172 531 4221 in
547 4171 589 4222 the
604 4179 675 4233 east;
691 4170 731 4221 for
741 4171 838 4237 though
886 4169 961 4221 sortis
976 4169 1125 4220 necessitate
1140 4168 1290 4219 macularint
1297 4166 1334 4232 ’'l.
1367 4168 1409 4219 On
1427 4167 1475 4219 the
1569 4224 1570 4231 η

256 4254 283 4305 S.
298 4254 365 4304 Basil
377 4254 503 4304 mentions
514 4269 548 4303 no
565 4253 626 4303 such
641 4253 775 4318 exception
792 4254 838 4318 (ep.
887 4253 961 4304 other
981 4252 1050 4302 hand
1074 4252 1102 4303 S.
1123 4251 1226 4315 Jerome
1246 4247 1292 4315 (ep.
1316 4249 1356 4315 69,
1382 4250 1476 4315 bsigne

258 4335 312 4395 188,
326 4334 414 4397 Migne
426 4334 456 4384 P.
473 4335 503 4384 G.
518 4348 558 4396 32,
571 4332 618 4384 681
632 4352 638 4383 ι
654 4335 710 4383 τους
726 4332 840 4396 dydymus
887 4335 918 4385 P.
938 4335 970 4384 L.
988 4348 1028 4395 aa,
1047 4333 1096 4397 ⁶5³
1110 4330 1159 4398 sq.)
1181 4331 1271 4397 boldly
1288 4346 1408 4396 espouses
1427 4330 1478 4381 the

255 4412 838 4478 παντελῶςὸιιανώντῆςύπηρεσίαςᾶπέκλιι-
889 4414 995 4464 Eastern
1014 4413 1132 4479 practice,
1168 4411 1209 4462 Cl.
1228 4412 1318 4463 Innoc.
1342 4412 1364 4461 l.
1381 4419 1417 4477 ep.
1441 4427 1476 4477 ty

255 4495 317 4559 αα),
330 4496 364 4560 by
376 4498 419 4547 the
433 4494 491 4546 16th
503 4495 661 4561 Apostolieal
673 4497 764 4548 Canon
778 4498 839 4563 only
888 4492 986 4560 (Migne
999 4496 1029 4546 P.
1040 4495 1071 4546 L.
1086 4508 1127 4552 αο,
1137 4492 1202 4559 527).
