3142 5100
98 408 119 474 1.
136 407 173 495 5.]
421 421 465 474 ru
487 422 541 473 nr.
563 421 615 473 An
637 417 871 474 muornnuu
893 419 932 470 11.⁴
1218 413 1276 484 195

94 596 184 663 dixit:
211 609 248 664 ut
259 598 383 683 gairdxb
404 598 547 683 implear,
571 597 653 662 illud
677 608 717 662 ut
745 618 816 661 non
842 613 980 662 causam
1002 592 1094 671 dicit,
1117 590 1177 656 sed
1199 611 1278 655 con-

94 712 171 765 suete
183 701 257 766 illud
273 701 436 786 significat
450 701 540 785 quod
556 701 713 786 sequitur.
757 709 792 765 et
811 709 849 765 ut
869 720 912 763 ne
932 698 1100 763 uideretur
1121 693 1276 760 absolute

92 804 217 887 gaudere
230 825 328 888 super
342 805 512 869 lacrimas:

145 965 322 1030 monrium
354 965 487 1051 (inquit)
518 964 673 1049 acapnns
699 964 771 1030 eius
790 963 879 1049 fidei
905 984 986 1047 quae
1012 962 1048 1027 in
1079 971 1108 1026 te
1135 960 1277 1025 estsine

91 1066 280 1133 simulatione.
1313 1061 1330 1132 5

144 1198 306 1282 ‘excogito
345 1205 381 1262 et
416 1203 530 1259 autem
558 1194 637 1259 hinc
673 1194 960 1278 quemadmodum
997 1194 1160 1258 sinceram
1198 1193 1274 1257 Deo

90 1299 230 1367 exhibeas
248 1301 350 1368 fidem
370 1321 416 1366 ex
437 1298 501 1362 illis
517 1300 571 1363 uel
590 1300 739 1364 maxime
758 1320 804 1363 ex
823 1299 944 1383 quibus
964 1307 1097 1363 tantum
1119 1318 1199 1381 erga
1214 1318 1275 1360 nos

89 1404 227 1471 exlubeas
246 1407 404 1472 affectum
427 1407 484 1492 qui
505 1405 655 1489 magistri
671 1405 733 1469 tibi
748 1404 925 1469 uerborum
941 1403 1075 1487 pietatis
1091 1403 1274 1478 extitimus,
1319 1395 1322 1402 ⁴

88 1507 127 1572 ita
151 1518 185 1573 ut
210 1531 270 1574 nec
293 1511 540 1594 separationem
569 1516 718 1572 nostram
748 1508 1006 1589 magnanimiter
1035 1506 1118 1570 ferre
1148 1505 1276 1588 possis?

89 1622 116 1677 et
128 1614 293 1680 ostendens
309 1616 467 1699 quoniam
484 1613 668 1678 necessaria
679 1613 723 1677 sit
738 1612 768 1676 ei
785 1611 899 1677 multis
915 1632 959 1675 ex
975 1609 1126 1695 partibus
1137 1609 1274 1693 pietatis
1294 1616 1334 1664 10

90 1715 247 1802 diligentia,
262 1720 409 1786 adiecit:

140 1914 213 1975 quac
225 1895 582 1981 inhabitauitprimum
603 1895 638 1960 in
652 1896 734 1960 auia
749 1906 808 1960 tua
823 1894 927 1959 Loide
940 1903 972 1958 et
986 1904 1090 1959 matre
1103 1893 1238 1957 Eunice.

140 2038 171 2095 et
193 2032 268 2115 quia
294 2031 361 2095 hoc
386 2032 529 2096 necdum
554 2030 598 2096 ad
628 2030 763 2096 laudem
793 2028 964 2094 Timothei
994 2029 1159 2113 pertinere
1185 2027 1277 2092 uide-

87 2129 177 2212 batur,
190 2135 216 2197 si
230 2136 284 2199 aui
301 2134 357 2199 uel
373 2144 529 2217 parentes
544 2134 614 2199 eius
630 2134 716 2199 tales
732 2133 881 2210 luissent,
897 2132 1038 2199 adiecit:

139 2323 322 2379 certussm
336 2324 446 2379 autem
460 2315 540 2399 quia
554 2325 585 2379 et
599 2315 635 2379 in
652 2326 689 2381 te.
1296 2314 1332 2382 Ῑ5

138 2454 197 2521 hoc
220 2469 281 2538 est,
309 2458 403 2525 ‘talis
429 2469 520 2526 eset
544 2460 633 2543 ipse?
678 2469 712 2526 et
735 2468 773 2525 ut
795 2460 887 2524 omni
910 2481 955 2525 ex
976 2468 1071 2543 parte
1093 2460 1228 2523 doceret
1249 2457 1279 2522 ei

85 2575 146 2624 esse
165 2562 298 2645 pietatis
321 2564 539 2649 diligentiam,
561 2566 726 2649 siquidem
751 2573 785 2631 et
811 2566 855 2630 ab
878 2567 951 2629 auis
980 2574 1015 2630 et
1039 2586 1059 2629 a
1086 2564 1279 2649 parentibus

84 2662 121 2726 ad
134 2667 271 2732 eundem
288 2667 517 2749 descenderat,
533 2677 568 2733 et
589 2668 668 2752 quia
689 2678 724 2733 et
746 2668 819 2753 ipse
838 2668 960 2733 similia
981 2669 1112 2733 hisdem
1134 2687 1278 2751 exeque-

86 2764 189 2835 batur:

126 2977 137 3013 ι
152 2964 212 3015 illud
223 2982 262 3016 om
274 2966 310 3015 H
318 2964 323 3031 Ι
337 2981 390 3016 non
401 2973 429 3016 ut
442 2966 500 3032 (sor
513 2974 541 3017 ut
557 2969 619 3029 non)
630 2968 664 3017 H
672 2965 677 3032 Ι
692 2983 812 3019 consuere
825 2966 879 3033 (sic)
891 2969 922 3018 H
1016 2984 1030 3031 7
1047 2967 1168 3018 exhibens
1178 2965 1217 3017 C*
1229 2966 1263 3016 H
1265 2983 1281 3015 r

94 3041 198 3110 letifer
206 3046 248 3112 ex)
263 3047 348 3099 C'om
362 3049 469 3111 Chorr)
562 3064 579 3115 9
595 3049 684 3115 positis
695 3047 850 3115 (fiorpossis)
870 3049 908 3100 C*
936 3049 1014 3115 possit
1026 3067 1043 3098 r
1125 3064 1152 3099 rr
1170 3048 1246 3100 adicit
1260 3048 1282 3098 C

85 3139 109 3173 1²
124 3127 232 3180 Euniche
246 3130 312 3179 CH
396 3130 547 3195 14adieitr
629 3131 659 3182 16
675 3132 942 3198 tulisselsortalises)
957 3130 1037 3181 C*H
1121 3145 1149 3195 17
1166 3131 1247 3182 inesse
1260 3131 1283 3181 C

82 3200 146 3269 (corr)
243 3211 274 3260 18
291 3209 336 3276 qui
348 3210 474 3276 (sorquia
485 3212 520 3276 et)
534 3212 556 3262 C
587 3227 652 3278 quae
662 3219 688 3262 et
699 3229 716 3262 r
815 3227 844 3278 19
860 3212 896 3263 ait
908 3210 956 3277 (afl
966 3209 1049 3277 exeq.)
1060 3211 1113 3262 add
1120 3228 1136 3261 r

109 3393 129 3428 r.
163 3379 649 3449 ‘as’mcwamdnd1ct1.p.44,
738 3396 761 3448 7.
794 3385 935 3449 exquibus]
952 3386 1001 3436 See
1012 3402 1052 3435 vv.
1063 3385 1091 3435 ll.
1121 3384 1281 3449 Theclumsy

78 3461 125 3523 L4,
137 3472 208 3522 ποῖος
225 3466 358 3530 aparsirn.
379 3465 517 3516 lanfranc:
538 3469 651 3517 “utnon
701 3466 853 3532 periphrasis
866 3483 897 3517 cx
912 3467 963 3516 illis
980 3467 1021 3516 uel
1035 3483 1069 3517 m.
1085 3482 1116 3516 ex
1134 3466 1280 3531 quitum}

78 3548 306 3612 musunsedquod
317 3546 427 3613 sequitur
437 3547 579 3613 signifi&
591 3547 650 3613 [sig·
701 3544 733 3593 ὧν
759 3545 780 3594 is
803 3546 986 3597 characteristic
1012 3547 1042 3597 of
1060 3562 1106 3598 our
1128 3546 1280 3598 translator’s

77 3624 231 3688 nificet,cd.].
701 3634 775 3676 worst
786 3628 858 3692 style.

105 3726 127 3769 4·
159 3708 317 3771 monim]
351 3705 494 3770 ὑπόμνησιν.
549 3709 648 3768 Above,
733 3722 758 3773 9.
792 3707 998 3774 magnanimum]
1032 3707 1071 3759 Cf.
1093 3719 1112 3758 1.
1135 3724 1161 3773 p.
1177 3708 1278 3758 xxxviii.

74 3802 98 3850 p.
119 3803 171 3856 194,
190 3790 211 3839 l.
235 3805 274 3851 ro,
295 3791 560 3849 morronhmwelar.
594 3791 651 3840 The
700 3788 751 3838 For
759 3791 975 3855 magrmnimirsee
985 3790 1278 3856 Rbnsch,Itala,p.n74;

75 3865 143 3918 Latin
155 3871 268 3921 versions
279 3869 306 3920 in
317 3871 367 3922 this
382 3872 455 3936 place
470 3888 539 3923 more
553 3873 652 3937 exactly
701 3869 740 3921 sor
751 3872 794 3921 the
808 3872 911 3933 adverb,
925 3872 966 3921 De
978 3872 1031 3932 vit,
1042 3887 1063 3922 s.
1072 3888 1097 3920 v.

74 3948 159 3999 render
178 3950 496 4012 “commemorationem”
513 3954 651 4004 “recordn-
736 3966 774 4001 rr.
801 3952 964 4014 inhabrlom't]
980 3948 1108 4015 ἐνῴκησεν.
1136 3950 1193 4001 The
1203 3951 1279 4002 Latin

75 4027 190 4079 tionem.'’
225 4031 355 4096 Amprius
371 4033 496 4098 probably
513 4042 652 4098 represents
700 4034 811 4085 versions
839 4035 903 4085 have
933 4034 1026 4099 simply
1051 4033 1198 4084 “habitauit
1206 4031 1221 4056 ''
1251 4050 1280 4084 or

74 4111 200 4175 λιμβῶνν
220 4115 306 4165 rather
320 4115 382 4165 than
395 4114 488 4179 λαβών,
501 4116 544 4167 the
560 4116 653 4167 tormer
701 4120 749 4166 “et
765 4116 810 4167 h.”

72 4195 202 4262 beingthe
218 4198 325 4263 reading
340 4197 371 4248 of
383 4198 472 4263 Chrys.
492 4200 542 4249 and
560 4200 651 4258 det.;
736 4214 775 4262 13.
807 4205 832 4249 et
857 4200 917 4264 quia
941 4200 985 4249 hoc
1011 4201 1122 4261 necdum,
1146 4200 1204 4264 duc]
1237 4200 1278 4250 ef.

72 4275 156 4327 botin
170 4295 219 4329 our
235 4279 384 4330 translation
403 4279 454 4331 this
470 4287 536 4330 must
555 4288 600 4331 not
619 4282 652 4331 be
701 4280 807 4347 Chrys:
830 4284 864 4332 τὰ
883 4284 934 4346 γὰρ
952 4284 1001 4331 τῶν
1019 4284 1145 4346 προγόνων
1162 4284 1278 4345 ἐγκώμια,

71 4353 175 4408 briared
192 4359 260 4410 {rom
279 4359 323 4410 the
339 4374 385 4409 use
401 4359 431 4409 of
446 4359 489 4411 the
504 4376 569 4425 pres.
586 4370 651 4427 part.
701 4365 761 4415 ὅταν
781 4365 827 4425 μὲν
856 4367 936 4416 nornis
961 4366 1117 4425 κοινωνῶμεν,
1145 4366 1186 4414 καὶ
1213 4366 1281 4425 ἡμῶν

70 4440 128 4489 Sine
148 4441 327 4499 simulationem
351 4442 485 4503 Ambrstr„
512 4443 653 4495 “sincera’'
701 4447 780 4495 ἐστίν·
798 4447 857 4495 ὅταν
872 4448 899 4496 tl
912 4447 954 4507 μή,
967 4447 1033 4496 oddlr
1046 4447 1132 4507 ἰσχύει,
1153 4447 1219 4495 ἀλλὰ
1240 4447 1280 4496 καὶ

72 4520 111 4581 ld·
121 4523 204 4587 r'nsro,
219 4525 237 4575 1.
249 4524 291 4585 6);
308 4526 394 4589 Vulg.,
408 4531 482 4575 “non
491 4525 576 4575 ficta.”
701 4526 796 4584 μᾶλλον
812 4527 955 4588 κατακρίνει.

989 4613 995 4623 ’
1090 4639 1191 4703 13-2
