3142 5100
249 410 293 476 70
577 411 805 465 nicononus
829 413 1122 468 nropsuasraxus
1328 406 1368 489 [Ι.
1386 420 1414 485 3,
1429 424 1458 486 4.

248 580 307 644 sed
331 592 369 646 ut
390 584 504 646 omnia
526 604 587 667 pro
608 584 665 649 illa
686 584 809 651 laceret
828 586 1051 653 sollicitudine
1075 608 1177 673 quam
1201 609 1280 674 erga
1302 593 1458 659 ecclesias

248 684 313 748 Dei
329 688 521 769 expendere
537 687 644 754 luerat
658 690 842 756 ordinatus.
876 693 1051 776 dequibus
1067 695 1168 759 etiam
1186 695 1341 760 omnibus
1356 698 1458 781 scrip-

246 789 329 851 sisse
344 790 476 854 uidetur
491 791 534 854 ad
549 812 625 856 eum
642 794 675 857 in
692 792 865 877 epistola*

310 903 389 956 sunt
412 905 526 958 autem
548 917 664 962 sensus
686 900 753 964 duo
774 900 947 983 complexi
967 899 1032 964 sibi
1053 900 1206 977 inuicem,
1228 902 1337 984 primo
1357 922 1457 968 sensu

216 996 431 1079 5secundum
455 998 737 1067 exclamationem
765 1004 946 1087 inperfecte
976 1024 1145 1087 expressa,
1172 1015 1211 1069 ut
1239 1005 1299 1068 tali
1329 1008 1457 1071 ratione

248 1101 350 1164 etiam
365 1120 469 1164 unum
485 1123 557 1167 esse
580 1107 670 1188 quod
692 1109 819 1172 dictum
840 1118 892 1171 est
907 1107 1084 1172 uideretur.
1129 1107 1201 1171 uult
1222 1108 1312 1171 enim
1328 1109 1458 1174 dicere:

247 1206 350 1268 ‘sicut
373 1217 406 1269 te
426 1209 549 1290 rogaui,
572 1212 793 1278 Macedoniae
811 1213 1031 1297 proficiscens,
1056 1221 1094 1276 ut
1117 1214 1297 1276 sustineres
1321 1213 1457 1295 Ephesi,

246 1310 456 1392 diligentiam
472 1312 536 1376 illis
552 1314 714 1379 adhibens
735 1318 793 1400 qui
818 1316 878 1379 illo
898 1323 996 1392 sunt;
1017 1314 1108 1398 quod
1124 1326 1159 1379 et
1174 1315 1283 1392 facito,
1299 1318 1456 1380 commis·

245 1435 320 1477 sum
346 1416 405 1478 tibi
430 1436 514 1499 opus
539 1420 732 1508 expediens,
760 1430 795 1485 et
819 1422 933 1484 omnia
957 1420 1098 1484 sollicite
1122 1419 1264 1503 implens
1294 1440 1381 1504 quae
1412 1421 1456 1484 ad

193 1536 457 1583 rocommunem
484 1523 651 1603 pertinent
677 1523 933 1589 correctionem!
977 1523 1041 1588 hoc
1063 1523 1243 1606 igiturest,
1267 1523 1358 1607 quod
1381 1524 1456 1589 uult

244 1624 431 1707 significare
456 1645 515 1707 per
539 1625 620 1689 illud
651 1627 742 1709 quod
767 1629 878 1693 dixit:
909 1627 995 1691 sicut
1016 1627 1136 1710 rogaui
1156 1636 1185 1690 te
1215 1635 1253 1690 ut
1281 1626 1456 1692 sustineres

242 1729 370 1813 Ephesi,
394 1750 466 1792 cum
491 1730 570 1793 irem
598 1731 633 1793 in
657 1731 886 1797 Macedoniam
898 1757 913 1808 ,·
946 1732 1037 1816 quod
1061 1740 1095 1795 et
1119 1731 1300 1815 inperfecte
1326 1732 1454 1796 dictum

241 1855 314 1899 esse
336 1834 498 1910 adstruxi,
521 1834 621 1898 beato
646 1834 749 1899 Paulo
775 1844 934 1900 consuete
964 1836 1093 1899 nullum
1125 1835 1277 1919 loquelae
1306 1836 1453 1899 studium

240 1939 430 2013 adhibente,
454 1938 535 2001 illud
560 1950 672 2001 autem
696 1940 785 2021 quod
810 1939 872 2001 sibi
896 1939 1072 2002 uidebatur
1095 1958 1155 2020 pro
1185 1958 1245 2001 sua
1269 1939 1394 2002 uirtute
1416 1950 1454 2003 ut

188 2062 223 2127 15
239 2050 373 2125 poterat
392 2042 591 2123 explicante.
637 2063 714 2107 nam
741 2045 1029 2128 necdisciplinam
1046 2042 1178 2107 dicendi
1195 2044 1376 2118 studuerat,
1393 2044 1452 2106 sed

242 2166 303 2209 nec
319 2165 379 2227 pro
399 2145 464 2208 hoc
484 2149 632 2211 studium
652 2149 913 2213 adcommodare
934 2150 1136 2213 conueniens
1157 2149 1220 2212 sibi
1241 2169 1313 2211 esse
1334 2149 1451 2212 existi-

241 2250 365 2314 mabat
409 2249 531 2314 deinde
547 2251 663 2315 adicit:
678 2263 717 2315 ut
730 2252 938 2316 decentiores
951 2251 1146 2334 quibusdam
1162 2260 1195 2315 et
1216 2251 1363 2335 reliqua3
1387 2252 1450 2317 hoc
1523 2269 1528 2272 “

240 2356 355 2418 dicens
381 2354 471 2436 quod
498 2352 552 2418 uel
582 2357 730 2418 maxime
757 2366 836 2418 ante
866 2357 980 2418 omnia
1010 2374 1087 2418 eum
1110 2375 1286 2437 procurare
1307 2354 1453 2422 uolebat.

241 2459 321 2543 quid
338 2479 418 2540 ergo
434 2458 515 2522 illud
533 2458 609 2523 est?
652 2460 750 2521 ‘uolo
766 2467 800 2522 te
822 2459 956 2542 (inquit)
980 2469 1058 2522 ante
1079 2459 1192 2521 omnia
1211 2467 1248 2522 ut
1269 2457 1452 2524 dehorteris

187 2584 229 2631 20
243 2565 317 2628 illos
342 2565 398 2646 qui
425 2563 459 2626 in
489 2563 627 2628 ecclesia
654 2563 719 2628 alia
742 2564 883 2646 cupiunt
909 2565 1029 2627 docere
1053 2574 1287 2646 praeterquam
1317 2564 1453 2645 pietatis

243 2746 424 2815 κατέλιπεν
446 2745 545 2813 αὐτὸν
571 2748 606 2812 ἐν
627 2746 769 2834 Ἐφέσῳ,
793 2745 965 2812 ἀλλὰκαὶ
995 2745 1109 2826 πάσης
1135 2744 1368 2827 ἐπιμελεῖσθαι
1396 2747 1456 2826 τῆς

195 2884 197 2889 ’
244 2855 524 2936 ἐκκλησιαστικῆς
547 2847 793 2933 ιεοτοστάσεως,
815 2849 894 2937 περὶ
915 2847 954 2932 ἧς
976 2846 1067 2936 αὐτῷ
1090 2848 1146 2914 καὶ
1167 2847 1384 2937 γεγράφῃκεν.

296 3057 309 3107 5
327 3041 463 3107 inperfecto
474 3042 506 3091 H
607 3041 622 3089 8
642 3039 693 3089 illic
705 3038 736 3102 rl
752 3037 826 3087 facite
837 3055 853 3085 r
959 3052 987 3099 ¹3
1005 3042 1139 3085 consuetae
1149 3053 1166 3085 r
1178 3033 1183 3102 l
1196 3037 1259 3087 illud
1275 3037 1333 3102 (for
1347 3037 1456 3099 nullum)

248 3128 270 3201 C
310 3127 335 3176 in
356 3126 427 3174 illum
447 3125 499 3173 Ην
605 3137 634 3186 14
650 3122 813 3172 adhibentem
831 3136 847 3169 r
955 3131 983 3181 15
1001 3118 1126 3183 explicare
1142 3120 1177 3169 H
1278 3131 1307 3184 17
1332 3119 1423 3170 adiecit
1441 3136 1459 3167 r

246 3200 278 3259 '18
296 3216 379 3257 autem
393 3206 401 3271 (
405 3201 530 3270 screatu)
545 3204 567 3253 C
576 3220 592 3253 r
635 3259 641 3270 ‚

250 3370 339 3433 15,16.
373 3370 428 3419 The
446 3369 555 3419 thas
571 3370 634 3419 been
650 3378 721 3433 cropt
738 3370 772 3433 by
783 3368 826 3418 the
878 3362 1071 3429 παραγγείλῃς),
1089 3365 1163 3415 cah.
1200 3365 1256 3414 The
1273 3365 1326 3415 first
1346 3366 1376 3415 ol
1387 3366 1460 3417 these

247 3454 367 3511 catenist3
386 3451 519 3515 originally
533 3449 552 3499 it
567 3467 624 3514 may
638 3451 703 3500 have
718 3466 776 3499 run:
800 3446 827 3498 οὒ
877 3456 1008 3498 sentences
1030 3447 1112 3497 islest
1135 3447 1296 3512 incomplete‚
1327 3447 1390 3498 after
1413 3449 1458 3499 the

230 3529 298 3599 ’γὰρ
307 3538 422 3598 βούλεται
438 3535 517 3583 είπεῖι
529 3533 591 3582 κατὰ
605 3534 633 3583 τὸ
648 3535 777 3597 πρόχειρον
790 3533 827 3582 ὅτι
877 3546 982 3580 manner
992 3529 1022 3579 ol
1033 3544 1066 3579 an
1083 3528 1249 3579 exclamation
1268 3528 1332 3593 (κατ’
1350 3532 1460 3591 ἐκφύγῃ-

249 3620 414 3681 παρεκάλεσει
434 3616 507 3665 αὐτὸν
522 3618 666 3678 προσμεῖναι
684 3618 709 3664 ἐν
727 3612 827 3677 Ἐφέσῳ
878 3614 942 3674 σιν);
960 3613 1009 3662 and
1021 3628 1049 3661 as
1059 3614 1080 3661 it
1091 3610 1185 3669 stands,
1197 3611 1217 3661 it
1233 3627 1314 3683 seems
1326 3619 1353 3662 lo
1366 3612 1431 3662 form
1444 3631 1461 3664 a

249 3701 288 3749 ίνα
300 3700 456 3762 παραγγείλῃ
470 3699 534 3747 τισίν
548 3696 582 3757 μὴ
597 3698 825 3760 ἑτεροδιδασκαλεῖν·
878 3704 934 3760 part
952 3694 981 3744 ol
993 3694 1035 3744 the
1051 3709 1120 3743 same
1135 3692 1218 3743 clause
1236 3694 1297 3743 with
1313 3693 1357 3744 the
1374 3696 1460 3746 words

250 3777 278 3830 οὐ
290 3781 340 3843 γὰρ
351 3781 390 3828 tot
400 3779 471 3828 τοῦτο
482 3778 554 3837 μόνον
565 3776 701 3833 κατέλιπεν,
718 3779 791 3827 ccx-h.
877 3779 917 3826 ίνο
939 3776 1115 3840 παραγγείλῃς,
1138 3775 1220 3825 which
1247 3775 1326 3840 really
1343 3776 1420 3841 begin
1444 3793 1462 3827 a

283 3882 308 3925 4.
347 3876 431 3909 sennes
462 3860 511 3908 duo
541 3859 658 3924 complexi
684 3858 733 3908 sibi
761 3858 829 3920 ina]
877 3859 943 3909 sresh
955 3859 1005 3908 and
1017 3856 1187 3923 independent
1198 3856 1303 3922 subject.

251 3934 360 4004 ιοήροτα
375 3944 417 3991 δύο
435 3937 641 4002 συμπεπλεγμένα
657 3938 780 4001 ἀλλήλοις,
800 3958 829 3990 or
913 3954 936 4003 7.
969 3939 1130 3989 Macedoniae
1151 3938 1317 4004 proficiscens]
1354 3941 1461 4005 Jacobi:

252 4027 293 4077 the
309 4027 377 4087 like3
401 4043 442 4076 see
457 4039 476 4075 1.
494 4042 519 4091 p.
534 4027 568 4076 xl.
604 4026 655 4075 For
670 4027 825 4090 complectere,
881 4020 1010 4070 “sortasse
1025 4021 1159 4085 legendum
1170 4028 1207 4070 est
1221 4019 1250 4069 ιἰι
1261 4021 1462 4075 Mummiam?

251 4112 284 4160 cl.
297 4111 407 4170 Rbnsch,
421 4110 497 4166 Itala,
510 4125 537 4174 p.
549 4125 604 4172 300.
879 4103 920 4155 Cs.
931 4104 1048 4153 however
1061 4115 1089 4153 11.
1103 4119 1129 4167 p.
1145 4118 1165 4162 1,
1180 4102 1197 4153 l.
1215 4116 1253 4160 10,
1262 4109 1332 4152 note.

271 4178 364 4257 'peirac
384 4208 457 4242 sercou
473 4208 516 4241 sec.
534 4190 746 4250 exclamationem]
773 4190 829 4240 The
914 4201 951 4249 13.
990 4184 1337 4246 adstruxc]=adfirmaui;cf.
1351 4186 1461 4251 DeVrt,

252 4274 370 4336 meaning
401 4262 483 4322 vseems
511 4280 538 4321 to
564 4271 596 4320 be
624 4270 678 4320 that
704 4270 747 4319 the
777 4271 828 4335 Ap.
878 4284 896 4317 s.
911 4283 935 4316 a.
969 4265 1098 4324 Nullum
1115 4282 1157 4315 see
1173 4282 1214 4315 vv.
1228 4265 1255 4316 IL
1290 4265 1347 4316 'lhe
1364 4283 1466 4321 correc-

252 4355 298 4405 has
315 4357 399 4415 mixed
415 4372 449 4419 up
469 4363 520 4404 two
537 4354 682 4411 directions,
702 4353 737 4418 (1)
752 4356 830 4405 καθὼς
879 4350 934 4400 tion
953 4351 975 4400 is
992 4349 1132 4415 absolutely
1150 4348 1267 4414 required
1284 4349 1320 4413 by
1337 4351 1382 4402 the
1401 4367 1466 4403 con-

254 4436 409 4493 παρεκάλεσιί
423 4424 454 4482 σε
471 4436 613 4495 προσμεῖναι
629 4436 655 4482 ἐν
670 4433 707 4482 ’n
727 4451 781 4496 πορ.
799 4436 830 4483 είς
880 4440 945 4491 text3
962 4447 1047 4496 comp·
1059 4440 1118 4481 next
1128 4438 1197 4481 note.

254 4515 299 4572 11,
325 4513 411 4575 [οιῖτωο
438 4516 519 4576 ποίει].
544 4514 579 4578 (al
603 4519 764 4580 παράγγελλε
781 4518 829 4577 (ίνα
917 4529 951 4577 15.
975 4514 1333 4579 nanenecdisaplinam...scd
1341 4518 1474 4585 uec,dtc.]
