<?xml version="1.0" encoding="UTF-8"?>
<!DOCTYPE html PUBLIC "-//W3C//DTD XHTML 1.0 Transitional//EN"
    "http://www.w3.org/TR/xhtml1/DTD/xhtml1-transitional.dtd">
<html xmlns="http://www.w3.org/1999/xhtml" xml:lang="en" lang="en">
 <head>
  <title>
</title>
<meta http-equiv="Content-Type" content="text/html;charset=utf-8" />
  <meta name='ocr-system' content='tesseract 3.04.00' />
  <meta name='ocr-capabilities' content='ocr_page ocr_carea ocr_par ocr_line ocrx_word'/>
</head>
<body>
  <div class='ocr_page' id='page_1' title='image "./theodoriepiscop00swetgoog_0092.png"; bbox 0 0 3142 5100; ppageno 0'>
   <div class='ocr_carea' id='block_1_1' title="bbox 247 385 1544 472">
    <p class='ocr_par' dir='ltr' id='par_1_1' title="bbox 247 385 1544 472">
     <span class='ocr_line' id='line_1_1' title="bbox 247 385 1544 472; baseline -0.008 -18"><span class='ocrx_word' id='word_1_1' title='bbox 247 391 290 472; x_wconf 94' lang='lat'><strong>76</strong></span> <span class='ocrx_word' id='word_1_2' title='bbox 581 402 810 454; x_wconf 73' lang='lat' dir='ltr'><strong>sueonosus</strong></span> <span class='ocrx_word' id='word_1_3' title='bbox 834 402 1127 454; x_wconf 75' lang='lat' dir='ltr'><strong>uorsuusrsuus</strong></span> <span class='ocrx_word' id='word_1_4' title='bbox 1282 385 1323 471; x_wconf 86' lang='lat'><strong>[1.</strong></span> <span class='ocrx_word' id='word_1_5' title='bbox 1338 402 1456 469; x_wconf 85' lang='lat'><strong>9-11.</strong></span> <span class='ocrx_word' id='word_1_6' title='bbox 1539 431 1544 442; x_wconf 96' lang='lat'><strong>.</strong></span> 
     </span>
    </p>
   </div>
   <div class='ocr_carea' id='block_1_2' title="bbox 244 565 1459 866">
    <p class='ocr_par' dir='ltr' id='par_1_2' title="bbox 244 565 1459 866">
     <span class='ocr_line' id='line_1_2' title="bbox 247 565 1459 654; baseline -0.004 -20"><span class='ocrx_word' id='word_1_7' title='bbox 247 570 429 647; x_wconf 82' lang='lat' dir='ltr'><strong>insubditis,</strong></span> <span class='ocrx_word' id='word_1_8' title='bbox 441 570 822 654; x_wconf 65' lang='lat' dir='ltr'><strong>impidetpeccaton&#39;bas,</strong></span> <span class='ocrx_word' id='word_1_9' title='bbox 837 570 1003 648; x_wconf 60' lang='lat' dir='ltr'><strong>sceleratis,</strong></span> <span class='ocrx_word' id='word_1_10' title='bbox 1019 569 1256 646; x_wconf 79' lang='lat' dir='ltr'><strong>contaminatis,</strong></span> <span class='ocrx_word' id='word_1_11' title='bbox 1266 565 1459 652; x_wconf 79' lang='lat' dir='ltr'><strong>patrr&#39;cidiis</strong></span> 
     </span>
     <span class='ocr_line' id='line_1_3' title="bbox 244 670 1457 757; baseline -0.002 -20"><span class='ocrx_word' id='word_1_12' title='bbox 244 683 277 737; x_wconf 86' lang='lat' dir='ltr'><strong>et</strong></span> <span class='ocrx_word' id='word_1_13' title='bbox 299 675 502 752; x_wconf 80' lang='lat' dir='ltr'><strong>matricidiis,</strong></span> <span class='ocrx_word' id='word_1_14' title='bbox 524 675 702 753; x_wconf 62' lang='lat' dir='ltr'><strong>lamellis,</strong></span> <span class='ocrx_word' id='word_1_15' title='bbox 716 676 984 757; x_wconf 75' lang='lat' dir='ltr'><strong>somr&#39;catoribus,</strong></span> <span class='ocrx_word' id='word_1_16' title='bbox 1008 674 1225 739; x_wconf 85' lang='lat' dir='ltr'><strong>mascularum</strong></span> <span class='ocrx_word' id='word_1_17' title='bbox 1248 670 1457 737; x_wconf 83' lang='lat' dir='ltr'><strong>concubitori-</strong></span> 
     </span>
     <span class='ocr_line' id='line_1_4' title="bbox 247 778 905 866; baseline 0.003 -23"><span class='ocrx_word' id='word_1_18' title='bbox 247 778 313 854; x_wconf 85' lang='lat' dir='ltr'><em>bus,</em></span> <span class='ocrx_word' id='word_1_19' title='bbox 321 781 509 862; x_wconf 78' lang='lat' dir='ltr'><em>plagiariis,</em></span> <span class='ocrx_word' id='word_1_20' title='bbox 527 780 741 857; x_wconf 84' lang='lat' dir='ltr'><em>mendacibus,</em></span> <span class='ocrx_word' id='word_1_21' title='bbox 751 782 905 866; x_wconf 62' lang='lat' dir='ltr'><strong>periuris.</strong></span> 
     </span>
    </p>
   </div>
   <div class='ocr_carea' id='block_1_3' title="bbox 199 907 1548 1843">
    <p class='ocr_par' dir='ltr' id='par_1_3' title="bbox 313 907 1458 995">
     <span class='ocr_line' id='line_1_5' title="bbox 313 907 1458 995; baseline -0.006 -19"><span class='ocrx_word' id='word_1_22' title='bbox 313 913 413 976; x_wconf 86' lang='lat' dir='ltr'><strong>‘illud</strong></span> <span class='ocrx_word' id='word_1_23' title='bbox 437 922 550 976; x_wconf 85' lang='lat' dir='ltr'><strong>autem</strong></span> <span class='ocrx_word' id='word_1_24' title='bbox 573 913 651 988; x_wconf 88' lang='lat' dir='ltr'><strong>scio,</strong></span> <span class='ocrx_word' id='word_1_25' title='bbox 675 915 834 995; x_wconf 89' lang='lat' dir='ltr'><strong>quoniam</strong></span> <span class='ocrx_word' id='word_1_26' title='bbox 855 922 967 976; x_wconf 88' lang='lat' dir='ltr'><strong>autem</strong></span> <span class='ocrx_word' id='word_1_27' title='bbox 990 910 1047 975; x_wconf 86' lang='lat' dir='ltr'><strong>lex</strong></span> <span class='ocrx_word' id='word_1_28' title='bbox 1063 920 1199 974; x_wconf 83' lang='lat' dir='ltr'>actuum</span> <span class='ocrx_word' id='word_1_29' title='bbox 1223 907 1458 974; x_wconf 89' lang='lat' dir='ltr'><strong>inconuenien·</strong></span> 
     </span>
    </p>

    <p class='ocr_par' dir='ltr' id='par_1_4' title="bbox 199 1015 1548 1843">
     <span class='ocr_line' id='line_1_6' title="bbox 216 1015 1458 1100; baseline -0.005 -20"><span class='ocrx_word' id='word_1_30' title='bbox 216 1030 231 1097; x_wconf 81' lang='lat'>5</span> <span class='ocrx_word' id='word_1_31' title='bbox 249 1018 333 1080; x_wconf 91' lang='lat' dir='ltr'><strong>tium</strong></span> <span class='ocrx_word' id='word_1_32' title='bbox 345 1019 590 1082; x_wconf 85' lang='lat' dir='ltr'><strong>abdicationem</strong></span> <span class='ocrx_word' id='word_1_33' title='bbox 607 1020 771 1096; x_wconf 90' lang='lat' dir='ltr'><strong>continet;</strong></span> <span class='ocrx_word' id='word_1_34' title='bbox 786 1020 897 1100; x_wconf 87' lang='lat' dir='ltr'><strong>posita</strong></span> <span class='ocrx_word' id='word_1_35' title='bbox 912 1027 964 1080; x_wconf 88' lang='lat' dir='ltr'><strong>est</strong></span> <span class='ocrx_word' id='word_1_36' title='bbox 980 1019 1077 1092; x_wconf 90' lang='lat' dir='ltr'><strong>enim,</strong></span> <span class='ocrx_word' id='word_1_37' title='bbox 1094 1026 1131 1079; x_wconf 92' lang='lat' dir='ltr'><strong>ut</strong></span> <span class='ocrx_word' id='word_1_38' title='bbox 1147 1015 1323 1097; x_wconf 86' lang='lat' dir='ltr'><strong>prohibeat</strong></span> <span class='ocrx_word' id='word_1_39' title='bbox 1339 1032 1458 1076; x_wconf 91' lang='lat' dir='ltr'><strong>omnes</strong></span> 
     </span>
     <span class='ocr_line' id='line_1_7' title="bbox 249 1115 1457 1206; baseline -0.005 -22"><span class='ocrx_word' id='word_1_40' title='bbox 249 1123 448 1204; x_wconf 85' lang='lat' dir='ltr'><strong>iniquitates.</strong></span> <span class='ocrx_word' id='word_1_41' title='bbox 493 1143 572 1206; x_wconf 81' lang='lat' dir='ltr'><strong>ergo</strong></span> <span class='ocrx_word' id='word_1_42' title='bbox 593 1124 656 1187; x_wconf 90' lang='lat' dir='ltr'><strong>illis</strong></span> <span class='ocrx_word' id='word_1_43' title='bbox 677 1125 733 1205; x_wconf 91' lang='lat' dir='ltr'><strong>qui</strong></span> <span class='ocrx_word' id='word_1_44' title='bbox 754 1131 894 1206; x_wconf 85' lang='lat' dir='ltr'><strong>peccant</strong></span> <span class='ocrx_word' id='word_1_45' title='bbox 914 1123 1100 1185; x_wconf 86' lang='lat' dir='ltr'><strong>necessaria</strong></span> <span class='ocrx_word' id='word_1_46' title='bbox 1120 1130 1171 1184; x_wconf 86' lang='lat' dir='ltr'><strong>est</strong></span> <span class='ocrx_word' id='word_1_47' title='bbox 1191 1118 1274 1202; x_wconf 83' lang='lat' dir='ltr'><strong>legis</strong></span> <span class='ocrx_word' id='word_1_48' title='bbox 1295 1115 1457 1191; x_wconf 85' lang='lat' dir='ltr'><strong>definitio,</strong></span> 
     </span>
     <span class='ocr_line' id='line_1_8' title="bbox 250 1221 1458 1310; baseline -0.003 -22"><span class='ocrx_word' id='word_1_49' title='bbox 250 1225 348 1290; x_wconf 88' lang='lat' dir='ltr'><strong>docet</strong></span> <span class='ocrx_word' id='word_1_50' title='bbox 364 1228 452 1290; x_wconf 92' lang='lat' dir='ltr'><strong>enim</strong></span> <span class='ocrx_word' id='word_1_51' title='bbox 468 1248 526 1291; x_wconf 90' lang='lat' dir='ltr'><strong>eos</strong></span> <span class='ocrx_word' id='word_1_52' title='bbox 541 1229 677 1291; x_wconf 91' lang='lat' dir='ltr'><strong>minime</strong></span> <span class='ocrx_word' id='word_1_53' title='bbox 695 1227 754 1290; x_wconf 86' lang='lat' dir='ltr'><strong>illa</strong></span> <span class='ocrx_word' id='word_1_54' title='bbox 776 1227 906 1304; x_wconf 85' lang='lat' dir='ltr'><strong>sacere;</strong></span> <span class='ocrx_word' id='word_1_55' title='bbox 929 1228 985 1310; x_wconf 93' lang='lat' dir='ltr'><strong>qui</strong></span> <span class='ocrx_word' id='word_1_56' title='bbox 1008 1237 1122 1290; x_wconf 87' lang='lat' dir='ltr'><strong>autern</strong></span> <span class='ocrx_word' id='word_1_57' title='bbox 1146 1223 1250 1288; x_wconf 89' lang='lat' dir='ltr'><strong>semel</strong></span> <span class='ocrx_word' id='word_1_58' title='bbox 1272 1234 1350 1287; x_wconf 90' lang='lat' dir='ltr'><strong>sunt</strong></span> <span class='ocrx_word' id='word_1_59' title='bbox 1366 1221 1458 1285; x_wconf 89' lang='lat' dir='ltr'><strong>iusti-</strong></span> 
     </span>
     <span class='ocr_line' id='line_1_9' title="bbox 250 1326 1459 1415; baseline -0.002 -24"><span class='ocrx_word' id='word_1_60' title='bbox 250 1327 339 1393; x_wconf 86' lang='lat' dir='ltr'><strong>ficati</strong></span> <span class='ocrx_word' id='word_1_61' title='bbox 364 1341 398 1394; x_wconf 91' lang='lat' dir='ltr'><strong>et</strong></span> <span class='ocrx_word' id='word_1_62' title='bbox 421 1331 465 1394; x_wconf 89' lang='lat' dir='ltr'><strong>ab</strong></span> <span class='ocrx_word' id='word_1_63' title='bbox 491 1332 582 1394; x_wconf 92' lang='lat' dir='ltr'><strong>omni</strong></span> <span class='ocrx_word' id='word_1_64' title='bbox 607 1342 746 1415; x_wconf 88' lang='lat' dir='ltr'><strong>peccato</strong></span> <span class='ocrx_word' id='word_1_65' title='bbox 769 1331 957 1414; x_wconf 81' lang='lat' dir='ltr'>superiores</span> <span class='ocrx_word' id='word_1_66' title='bbox 982 1331 1101 1406; x_wconf 80' lang='lat' dir='ltr'><strong>effecti,</strong></span> <span class='ocrx_word' id='word_1_67' title='bbox 1128 1328 1295 1412; x_wconf 88' lang='lat' dir='ltr'><strong>superflua</strong></span> <span class='ocrx_word' id='word_1_68' title='bbox 1318 1338 1369 1391; x_wconf 89' lang='lat' dir='ltr'><strong>est</strong></span> <span class='ocrx_word' id='word_1_69' title='bbox 1394 1326 1459 1389; x_wconf 88' lang='lat' dir='ltr'><strong>illis</strong></span> 
     </span>
     <span class='ocr_line' id='line_1_10' title="bbox 250 1430 1546 1524; baseline -0.002 -29"><span class='ocrx_word' id='word_1_70' title='bbox 250 1430 316 1509; x_wconf 87' lang='lat' dir='ltr'><strong>lex,</strong></span> <span class='ocrx_word' id='word_1_71' title='bbox 340 1435 396 1516; x_wconf 92' lang='lat' dir='ltr'><strong>qui</strong></span> <span class='ocrx_word' id='word_1_72' title='bbox 422 1433 476 1497; x_wconf 90' lang='lat' dir='ltr'><strong>uel</strong></span> <span class='ocrx_word' id='word_1_73' title='bbox 500 1436 648 1498; x_wconf 88' lang='lat' dir='ltr'><em>maxime</em></span> <span class='ocrx_word' id='word_1_74' title='bbox 674 1435 756 1517; x_wconf 86' lang='lat' dir='ltr'><strong>legis</strong></span> <span class='ocrx_word' id='word_1_75' title='bbox 783 1437 957 1517; x_wconf 90' lang='lat' dir='ltr'><strong>possident</strong></span> <span class='ocrx_word' id='word_1_76' title='bbox 983 1434 1211 1498; x_wconf 90' lang='lat' dir='ltr'><strong>directionem.</strong></span> <span class='ocrx_word' id='word_1_77' title='bbox 1255 1432 1319 1495; x_wconf 92' lang='lat' dir='ltr'><strong>hoc</strong></span> <span class='ocrx_word' id='word_1_78' title='bbox 1344 1440 1459 1494; x_wconf 90' lang='lat' dir='ltr'><strong>autem</strong></span> <span class='ocrx_word' id='word_1_79' title='bbox 1540 1515 1546 1524; x_wconf 23' lang='grc' dir='ltr'>ἱ</span> 
     </span>
     <span class='ocr_line' id='line_1_11' title="bbox 199 1536 1457 1621; baseline 0 -23"><span class='ocrx_word' id='word_1_80' title='bbox 199 1552 239 1599; x_wconf 88' lang='grc'><strong>10</strong></span> <span class='ocrx_word' id='word_1_81' title='bbox 251 1545 302 1599; x_wconf 92' lang='lat' dir='ltr'><strong>est</strong></span> <span class='ocrx_word' id='word_1_82' title='bbox 318 1539 406 1621; x_wconf 87' lang='lat' dir='ltr'><strong>apud</strong></span> <span class='ocrx_word' id='word_1_83' title='bbox 424 1559 493 1614; x_wconf 88' lang='lat' dir='ltr'><strong>nos,</strong></span> <span class='ocrx_word' id='word_1_84' title='bbox 510 1541 566 1620; x_wconf 90' lang='lat' dir='ltr'><strong>qui</strong></span> <span class='ocrx_word' id='word_1_85' title='bbox 582 1550 806 1620; x_wconf 83' lang='lat' dir='ltr'><strong>expectamus</strong></span> <span class='ocrx_word' id='word_1_86' title='bbox 822 1542 1096 1604; x_wconf 83' lang='lat' dir='ltr'><strong>resurrectionem</strong></span> <span class='ocrx_word' id='word_1_87' title='bbox 1114 1548 1148 1603; x_wconf 91' lang='lat' dir='ltr'><strong>et</strong></span> <span class='ocrx_word' id='word_1_88' title='bbox 1164 1536 1457 1620; x_wconf 87' lang='lat' dir='ltr'><strong>incorruptionem,</strong></span> 
     </span>
     <span class='ocr_line' id='line_1_12' title="bbox 251 1644 1460 1728; baseline -0.003 -23"><span class='ocrx_word' id='word_1_89' title='bbox 251 1661 326 1706; x_wconf 90' lang='lat' dir='ltr'><strong>cum</strong></span> <span class='ocrx_word' id='word_1_90' title='bbox 358 1664 424 1727; x_wconf 89' lang='lat' dir='ltr'><strong>qua</strong></span> <span class='ocrx_word' id='word_1_91' title='bbox 454 1653 488 1707; x_wconf 93' lang='lat' dir='ltr'><strong>et</strong></span> <span class='ocrx_word' id='word_1_92' title='bbox 518 1645 552 1706; x_wconf 92' lang='lat' dir='ltr'><strong>in</strong></span> <span class='ocrx_word' id='word_1_93' title='bbox 583 1644 835 1709; x_wconf 88' lang='lat' dir='ltr'><strong>inuertibilitate</strong></span> <span class='ocrx_word' id='word_1_94' title='bbox 866 1654 1027 1728; x_wconf 84' lang='lat' dir='ltr'><strong>perpetua</strong></span> <span class='ocrx_word' id='word_1_95' title='bbox 1064 1645 1290 1726; x_wconf 85' lang='lat' dir='ltr'><strong>persistemus,</strong></span> <span class='ocrx_word' id='word_1_96' title='bbox 1321 1659 1460 1723; x_wconf 87' lang='lat' dir='ltr'><strong>peccare</strong></span> 
     </span>
     <span class='ocr_line' id='line_1_13' title="bbox 253 1745 1548 1843; baseline -0.002 -33"><span class='ocrx_word' id='word_1_97' title='bbox 253 1748 389 1811; x_wconf 90' lang='lat' dir='ltr'><strong>minime</strong></span> <span class='ocrx_word' id='word_1_98' title='bbox 415 1748 501 1813; x_wconf 86' lang='lat' dir='ltr'><strong>ultra</strong></span> <span class='ocrx_word' id='word_1_99' title='bbox 531 1747 690 1843; x_wconf 70' lang='lat' dir='ltr'><strong>ualentes,</strong></span> <span class='ocrx_word' id='word_1_100' title='bbox 718 1759 752 1815; x_wconf 91' lang='lat' dir='ltr'><strong>et</strong></span> <span class='ocrx_word' id='word_1_101' title='bbox 779 1761 915 1833; x_wconf 91' lang='lat' dir='ltr'><strong>propter</strong></span> <span class='ocrx_word' id='word_1_102' title='bbox 939 1749 1002 1812; x_wconf 92' lang='lat' dir='ltr'><strong>hoc</strong></span> <span class='ocrx_word' id='word_1_103' title='bbox 1028 1748 1136 1830; x_wconf 81' lang='lat' dir='ltr'><strong>legem</strong></span> <span class='ocrx_word' id='word_1_104' title='bbox 1167 1767 1234 1811; x_wconf 92' lang='lat' dir='ltr'><strong>non</strong></span> <span class='ocrx_word' id='word_1_105' title='bbox 1262 1745 1459 1827; x_wconf 86' lang='lat' dir='ltr'><strong>indigemus.</strong></span> <span class='ocrx_word' id='word_1_106' title='bbox 1543 1801 1548 1808; x_wconf 95' lang='lat'><strong>.</strong></span> 
     </span>
    </p>
   </div>
   <div class='ocr_carea' id='block_1_4' title="bbox 251 1847 1566 1935">
    <p class='ocr_par' dir='ltr' id='par_1_5' title="bbox 251 1847 1566 1935">
     <span class='ocr_line' id='line_1_14' title="bbox 251 1847 1566 1935; baseline -0.005 -21"><span class='ocrx_word' id='word_1_107' title='bbox 251 1852 364 1934; x_wconf 84' lang='lat' dir='ltr'><strong>itaque</strong></span> <span class='ocrx_word' id='word_1_108' title='bbox 387 1852 484 1916; x_wconf 88' lang='lat' dir='ltr'><strong>nobis</strong></span> <span class='ocrx_word' id='word_1_109' title='bbox 507 1854 563 1935; x_wconf 92' lang='lat' dir='ltr'><strong>qui</strong></span> <span class='ocrx_word' id='word_1_110' title='bbox 583 1851 785 1915; x_wconf 88' lang='lat' dir='ltr'><strong>credidimus</strong></span> <span class='ocrx_word' id='word_1_111' title='bbox 808 1862 843 1916; x_wconf 89' lang='lat' dir='ltr'><strong>et</strong></span> <span class='ocrx_word' id='word_1_112' title='bbox 865 1874 924 1935; x_wconf 90' lang='lat' dir='ltr'><strong>per</strong></span> <span class='ocrx_word' id='word_1_113' title='bbox 940 1851 1084 1915; x_wconf 83' lang='lat' dir='ltr'><strong>formam</strong></span> <span class='ocrx_word' id='word_1_114' title='bbox 1105 1848 1319 1932; x_wconf 83' lang='lat' dir='ltr'><strong>baptismatis</strong></span> <span class='ocrx_word' id='word_1_115' title='bbox 1340 1848 1374 1910; x_wconf 93' lang='lat' dir='ltr'><strong>in</strong></span> <span class='ocrx_word' id='word_1_116' title='bbox 1395 1847 1459 1911; x_wconf 92' lang='lat' dir='ltr'><strong>illis</strong></span> <span class='ocrx_word' id='word_1_117' title='bbox 1565 1905 1566 1908; x_wconf 74' lang='grc'><strong>,</strong></span> 
     </span>
    </p>
   </div>
   <div class='ocr_carea' id='block_1_5' title="bbox 201 1951 1460 2347">
    <p class='ocr_par' dir='ltr' id='par_1_6' title="bbox 252 1951 1459 2038">
     <span class='ocr_line' id='line_1_15' title="bbox 252 1951 1459 2038; baseline -0.002 -21"><span class='ocrx_word' id='word_1_118' title='bbox 252 1956 319 2019; x_wconf 89' lang='lat' dir='ltr'><strong>iam</strong></span> <span class='ocrx_word' id='word_1_119' title='bbox 343 1956 527 2031; x_wconf 87' lang='lat' dir='ltr'><strong>extitimus,</strong></span> <span class='ocrx_word' id='word_1_120' title='bbox 544 1953 710 2038; x_wconf 87' lang='lat' dir='ltr'><strong>superflua</strong></span> <span class='ocrx_word' id='word_1_121' title='bbox 733 1965 785 2018; x_wconf 90' lang='lat' dir='ltr'><strong>est</strong></span> <span class='ocrx_word' id='word_1_122' title='bbox 805 1953 894 2038; x_wconf 86' lang='lat' dir='ltr'><strong>legis</strong></span> <span class='ocrx_word' id='word_1_123' title='bbox 909 1953 1076 2029; x_wconf 88' lang='lat' dir='ltr'><strong>definiti0;</strong></span> <span class='ocrx_word' id='word_1_124' title='bbox 1096 1955 1152 2037; x_wconf 92' lang='lat' dir='ltr'><strong>qui</strong></span> <span class='ocrx_word' id='word_1_125' title='bbox 1175 1953 1263 2016; x_wconf 86' lang='lat' dir='ltr'><strong>ultra</strong></span> <span class='ocrx_word' id='word_1_126' title='bbox 1278 1971 1299 2013; x_wconf 92' lang='lat' dir='ltr'>a</span> <span class='ocrx_word' id='word_1_127' title='bbox 1314 1951 1459 2033; x_wconf 85' lang='lat' dir='ltr'><strong>peccatis</strong></span> 
     </span>
    </p>

    <p class='ocr_par' dir='ltr' id='par_1_7' title="bbox 201 2054 1460 2347">
     <span class='ocr_line' id='line_1_16' title="bbox 201 2054 1458 2139; baseline 0 -21"><span class='ocrx_word' id='word_1_128' title='bbox 201 2068 237 2135; x_wconf 88' lang='grc'><strong>15</strong></span> <span class='ocrx_word' id='word_1_129' title='bbox 254 2079 315 2121; x_wconf 90' lang='lat' dir='ltr'><strong>nos</strong></span> <span class='ocrx_word' id='word_1_130' title='bbox 330 2059 496 2121; x_wconf 86' lang='lat' dir='ltr'><strong>abstinere</strong></span> <span class='ocrx_word' id='word_1_131' title='bbox 517 2078 584 2121; x_wconf 90' lang='lat' dir='ltr'><strong>non</strong></span> <span class='ocrx_word' id='word_1_132' title='bbox 605 2079 649 2120; x_wconf 84' lang='lat' dir='ltr'><strong>ex</strong></span> <span class='ocrx_word' id='word_1_133' title='bbox 670 2057 742 2139; x_wconf 87' lang='lat' dir='ltr'><strong>lege</strong></span> <span class='ocrx_word' id='word_1_134' title='bbox 762 2058 963 2133; x_wconf 85' lang='lat' dir='ltr'><strong>instruimur,</strong></span> <span class='ocrx_word' id='word_1_135' title='bbox 979 2058 1039 2120; x_wconf 91' lang='lat' dir='ltr'><strong>sed</strong></span> <span class='ocrx_word' id='word_1_136' title='bbox 1060 2058 1220 2121; x_wconf 91' lang='lat' dir='ltr'><strong>docemur</strong></span> <span class='ocrx_word' id='word_1_137' title='bbox 1242 2054 1364 2117; x_wconf 85' lang='lat' dir='ltr'><strong>imitari</strong></span> <span class='ocrx_word' id='word_1_138' title='bbox 1385 2054 1458 2118; x_wconf 83' lang='lat' dir='ltr'><strong>illas</strong></span> 
     </span>
     <span class='ocr_line' id='line_1_17' title="bbox 254 2158 1460 2244; baseline -0.002 -19"><span class='ocrx_word' id='word_1_139' title='bbox 254 2182 305 2225; x_wconf 89' lang='lat' dir='ltr'><strong>res</strong></span> <span class='ocrx_word' id='word_1_140' title='bbox 332 2162 365 2224; x_wconf 90' lang='lat' dir='ltr'><strong>in</strong></span> <span class='ocrx_word' id='word_1_141' title='bbox 391 2181 531 2244; x_wconf 85' lang='lat' dir='ltr'><strong>quarum</strong></span> <span class='ocrx_word' id='word_1_142' title='bbox 561 2160 703 2224; x_wconf 83' lang='lat' dir='ltr'><strong>formam</strong></span> <span class='ocrx_word' id='word_1_143' title='bbox 730 2160 797 2222; x_wconf 89' lang='lat' dir='ltr'><strong>iam</strong></span> <span class='ocrx_word' id='word_1_144' title='bbox 825 2181 913 2223; x_wconf 92' lang='lat' dir='ltr'><strong>nunc</strong></span> <span class='ocrx_word' id='word_1_145' title='bbox 939 2158 1170 2243; x_wconf 76' lang='lat' dir='ltr'><strong>consistImus.’</strong></span> <span class='ocrx_word' id='word_1_146' title='bbox 1213 2167 1247 2221; x_wconf 90' lang='lat' dir='ltr'><strong>et</strong></span> <span class='ocrx_word' id='word_1_147' title='bbox 1271 2159 1460 2224; x_wconf 90' lang='lat' dir='ltr'><strong>euidentius</strong></span> 
     </span>
     <span class='ocr_line' id='line_1_18' title="bbox 253 2265 998 2347; baseline 0.003 -21"><span class='ocrx_word' id='word_1_148' title='bbox 253 2274 331 2346; x_wconf 90' lang='lat' dir='ltr'><strong>post</strong></span> <span class='ocrx_word' id='word_1_149' title='bbox 346 2265 630 2328; x_wconf 89' lang='lat' dir='ltr'><strong>enumerationem</strong></span> <span class='ocrx_word' id='word_1_150' title='bbox 645 2274 859 2347; x_wconf 87' lang='lat' dir='ltr'><strong>peccatorum</strong></span> <span class='ocrx_word' id='word_1_151' title='bbox 874 2265 976 2328; x_wconf 88' lang='lat' dir='ltr'><strong>adicit</strong></span> <span class='ocrx_word' id='word_1_152' title='bbox 991 2286 998 2329; x_wconf 94' lang='lat'>:</span> 
     </span>
    </p>
   </div>
   <div class='ocr_carea' id='block_1_6' title="bbox 248 2415 1461 2606">
    <p class='ocr_par' dir='ltr' id='par_1_8' title="bbox 248 2415 1461 2606">
     <span class='ocr_line' id='line_1_19' title="bbox 317 2415 1461 2500; baseline 0.004 -20"><span class='ocrx_word' id='word_1_153' title='bbox 317 2426 349 2480; x_wconf 83' lang='lat' dir='ltr'><strong>et</strong></span> <span class='ocrx_word' id='word_1_154' title='bbox 368 2418 401 2480; x_wconf 90' lang='lat' dir='ltr'><strong>si</strong></span> <span class='ocrx_word' id='word_1_155' title='bbox 418 2415 502 2500; x_wconf 84' lang='lat' dir='ltr'><strong>quid</strong></span> <span class='ocrx_word' id='word_1_156' title='bbox 517 2416 616 2480; x_wconf 85' lang='lat' dir='ltr'><strong>aliud</strong></span> <span class='ocrx_word' id='word_1_157' title='bbox 633 2437 733 2480; x_wconf 79' lang='lat' dir='ltr'><strong>sanae</strong></span> <span class='ocrx_word' id='word_1_158' title='bbox 756 2417 920 2481; x_wconf 80' lang='lat' dir='ltr'><strong>doctrinae</strong></span> <span class='ocrx_word' id='word_1_159' title='bbox 943 2418 1148 2496; x_wconf 82' lang='lat' dir='ltr'><strong>aduersatur,</strong></span> <span class='ocrx_word' id='word_1_160' title='bbox 1168 2419 1343 2484; x_wconf 64' lang='lat' dir='ltr'><strong>sectandum</strong></span> <span class='ocrx_word' id='word_1_161' title='bbox 1362 2440 1461 2484; x_wconf 76' lang='lat' dir='ltr'><strong>ercan·</strong></span> 
     </span>
     <span class='ocr_line' id='line_1_20' title="bbox 248 2520 1135 2606; baseline 0.003 -20"><span class='ocrx_word' id='word_1_162' title='bbox 248 2521 373 2606; x_wconf 73' lang='lat' dir='ltr'><em>gilium</em></span> <span class='ocrx_word' id='word_1_163' title='bbox 387 2521 510 2605; x_wconf 72' lang='lat' dir='ltr'><strong>glanae</strong></span> <span class='ocrx_word' id='word_1_164' title='bbox 524 2520 610 2586; x_wconf 80' lang='lat' dir='ltr'><strong>beati</strong></span> <span class='ocrx_word' id='word_1_165' title='bbox 623 2521 695 2600; x_wconf 86' lang='lat' dir='ltr'><strong>Dei,</strong></span> <span class='ocrx_word' id='word_1_166' title='bbox 711 2521 800 2605; x_wconf 83' lang='lat' dir='ltr'><strong>quod</strong></span> <span class='ocrx_word' id='word_1_167' title='bbox 810 2523 967 2588; x_wconf 80' lang='lat' dir='ltr'><strong>creditum</strong></span> <span class='ocrx_word' id='word_1_168' title='bbox 982 2533 1030 2588; x_wconf 77' lang='lat' dir='ltr'><strong>est</strong></span> <span class='ocrx_word' id='word_1_169' title='bbox 1044 2523 1135 2589; x_wconf 80' lang='lat' dir='ltr'><strong>mt&#39;lti.</strong></span> 
     </span>
    </p>
   </div>
   <div class='ocr_carea' id='block_1_7' title="bbox 199 2652 1464 2946">
    <p class='ocr_par' dir='ltr' id='par_1_9' title="bbox 199 2652 1464 2946">
     <span class='ocr_line' id='line_1_21' title="bbox 199 2652 1462 2736; baseline 0 -17"><span class='ocrx_word' id='word_1_170' title='bbox 199 2669 243 2719; x_wconf 88' lang='lat'><strong>20</strong></span> <span class='ocrx_word' id='word_1_171' title='bbox 313 2662 350 2715; x_wconf 90' lang='lat' dir='ltr'><strong>ut</strong></span> <span class='ocrx_word' id='word_1_172' title='bbox 365 2652 455 2715; x_wconf 85' lang='lat' dir='ltr'><strong>dicat</strong></span> <span class='ocrx_word' id='word_1_173' title='bbox 471 2652 630 2734; x_wconf 85' lang='lat' dir='ltr'><strong>quoniam</strong></span> <span class='ocrx_word' id='word_1_174' title='bbox 646 2653 778 2715; x_wconf 87' lang='lat' dir='ltr'><strong>‘omnia</strong></span> <span class='ocrx_word' id='word_1_175' title='bbox 795 2673 880 2736; x_wconf 82' lang='lat' dir='ltr'><strong>quae</strong></span> <span class='ocrx_word' id='word_1_176' title='bbox 896 2673 1000 2735; x_wconf 86' lang='lat' dir='ltr'><strong>praua</strong></span> <span class='ocrx_word' id='word_1_177' title='bbox 1011 2662 1098 2729; x_wconf 91' lang='lat' dir='ltr'><strong>sunt,</strong></span> <span class='ocrx_word' id='word_1_178' title='bbox 1113 2654 1279 2718; x_wconf 86' lang='lat' dir='ltr'><strong>contraria</strong></span> <span class='ocrx_word' id='word_1_179' title='bbox 1293 2664 1372 2719; x_wconf 91' lang='lat' dir='ltr'><strong>sunt</strong></span> <span class='ocrx_word' id='word_1_180' title='bbox 1387 2675 1462 2719; x_wconf 89' lang='lat' dir='ltr'><strong>nos·</strong></span> 
     </span>
     <span class='ocr_line' id='line_1_22' title="bbox 254 2755 1462 2849; baseline 0.002 -28"><span class='ocrx_word' id='word_1_181' title='bbox 254 2767 326 2821; x_wconf 85' lang='lat' dir='ltr'><strong>trae</strong></span> <span class='ocrx_word' id='word_1_182' title='bbox 356 2755 536 2830; x_wconf 87' lang='lat' dir='ltr'><strong>doctrinae,</strong></span> <span class='ocrx_word' id='word_1_183' title='bbox 562 2776 663 2849; x_wconf 88' lang='lat' dir='ltr'><strong>quam</strong></span> <span class='ocrx_word' id='word_1_184' title='bbox 694 2768 936 2839; x_wconf 88' lang='lat' dir='ltr'><strong>consequenter</strong></span> <span class='ocrx_word' id='word_1_185' title='bbox 958 2758 1133 2841; x_wconf 85' lang='lat' dir='ltr'><strong>euangelio</strong></span> <span class='ocrx_word' id='word_1_186' title='bbox 1160 2758 1286 2841; x_wconf 84' lang='lat' dir='ltr'><strong>gloriae</strong></span> <span class='ocrx_word' id='word_1_187' title='bbox 1306 2758 1462 2824; x_wconf 60' lang='lat' dir='ltr'><strong>iacimus?</strong></span> 
     </span>
     <span class='ocr_line' id='line_1_23' title="bbox 257 2856 1464 2946; baseline 0.005 -25"><span class='ocrx_word' id='word_1_188' title='bbox 257 2858 427 2942; x_wconf 82' lang='lat' dir='ltr'><strong>‘gloriam&#39;</strong></span> <span class='ocrx_word' id='word_1_189' title='bbox 443 2856 579 2943; x_wconf 90' lang='lat' dir='ltr'><strong>quidem</strong></span> <span class='ocrx_word' id='word_1_190' title='bbox 597 2860 720 2936; x_wconf 90' lang='lat' dir='ltr'><strong>dicens,</strong></span> <span class='ocrx_word' id='word_1_191' title='bbox 737 2861 828 2924; x_wconf 89' lang='lat' dir='ltr'><strong>illam</strong></span> <span class='ocrx_word' id='word_1_192' title='bbox 849 2863 930 2926; x_wconf 91' lang='lat' dir='ltr'><strong>dicit</strong></span> <span class='ocrx_word' id='word_1_193' title='bbox 948 2864 1084 2946; x_wconf 83' lang='lat' dir='ltr'><strong>quaein</strong></span> <span class='ocrx_word' id='word_1_194' title='bbox 1106 2862 1217 2927; x_wconf 86' lang='lat' dir='ltr'><strong>futuro</strong></span> <span class='ocrx_word' id='word_1_195' title='bbox 1233 2863 1366 2927; x_wconf 85' lang='lat' dir='ltr'><strong>saeculo</strong></span> <span class='ocrx_word' id='word_1_196' title='bbox 1386 2873 1464 2946; x_wconf 90' lang='lat' dir='ltr'><strong>post</strong></span> 
     </span>
    </p>
   </div>
   <div class='ocr_carea' id='block_1_8' title="bbox 259 3029 1468 3179">
    <p class='ocr_par' dir='ltr' id='par_1_10' title="bbox 259 3029 1468 3179">
     <span class='ocr_line' id='line_1_24' title="bbox 305 3029 1467 3098; baseline 0 -17"><span class='ocrx_word' id='word_1_197' title='bbox 305 3047 319 3081; x_wconf 91' lang='grc'><strong>1</strong></span> <span class='ocrx_word' id='word_1_198' title='bbox 337 3030 466 3096; x_wconf 79' lang='lat' dir='ltr'><strong>parricidis</strong></span> <span class='ocrx_word' id='word_1_199' title='bbox 478 3030 534 3093; x_wconf 64' lang='lat' dir='ltr'><strong>(sar</strong></span> <span class='ocrx_word' id='word_1_200' title='bbox 543 3029 646 3089; x_wconf 86' lang='lat' dir='ltr'><strong>homic.)</strong></span> <span class='ocrx_word' id='word_1_201' title='bbox 659 3030 692 3078; x_wconf 87' lang='lat' dir='ltr'><em>H</em></span> <span class='ocrx_word' id='word_1_202' title='bbox 763 3046 777 3095; x_wconf 79' lang='lat'>3</span> <span class='ocrx_word' id='word_1_203' title='bbox 795 3031 908 3096; x_wconf 87' lang='lat' dir='ltr'><strong>periuriis</strong></span> <span class='ocrx_word' id='word_1_204' title='bbox 921 3032 943 3081; x_wconf 86' lang='lat' dir='ltr'><em>C</em></span> <span class='ocrx_word' id='word_1_205' title='bbox 1018 3049 1034 3092; x_wconf 99' lang='grc'><strong>4</strong></span> <span class='ocrx_word' id='word_1_206' title='bbox 1051 3042 1134 3083; x_wconf 79' lang='lat' dir='ltr'><strong>eutem</strong></span> <span class='ocrx_word' id='word_1_207' title='bbox 1145 3049 1209 3083; x_wconf 84' lang='lat' dir='ltr'><strong>amr</strong></span> <span class='ocrx_word' id='word_1_208' title='bbox 1283 3032 1300 3082; x_wconf 92' lang='lat'><strong>6</strong></span> <span class='ocrx_word' id='word_1_209' title='bbox 1315 3032 1438 3098; x_wconf 76' lang='lat' dir='ltr'><strong>ergaillos</strong></span> <span class='ocrx_word' id='word_1_210' title='bbox 1449 3048 1467 3081; x_wconf 80' lang='lat' dir='ltr'><strong>r</strong></span> 
     </span>
     <span class='ocr_line' id='line_1_25' title="bbox 259 3111 1468 3179; baseline 0.002 -18"><span class='ocrx_word' id='word_1_211' title='bbox 259 3127 289 3161; x_wconf 91' lang='grc'><strong>10</strong></span> <span class='ocrx_word' id='word_1_212' title='bbox 305 3127 436 3176; x_wconf 83' lang='lat' dir='ltr'><strong>peccamus</strong></span> <span class='ocrx_word' id='word_1_213' title='bbox 449 3111 622 3174; x_wconf 76' lang='lat' dir='ltr'><strong>(sarexpect)</strong></span> <span class='ocrx_word' id='word_1_214' title='bbox 637 3111 715 3159; x_wconf 70' lang='lat' dir='ltr'><strong>cur</strong></span> <span class='ocrx_word' id='word_1_215' title='bbox 826 3127 852 3160; x_wconf 92' lang='grc'><strong>11</strong></span> <span class='ocrx_word' id='word_1_216' title='bbox 871 3112 948 3161; x_wconf 80' lang='lat' dir='ltr'><strong>inem</strong></span> <span class='ocrx_word' id='word_1_217' title='bbox 962 3112 1030 3175; x_wconf 51' lang='lat' dir='ltr'><strong>Chr</strong></span> <span class='ocrx_word' id='word_1_218' title='bbox 1143 3114 1255 3164; x_wconf 74' lang='grc'><strong>11111111</strong></span> <span class='ocrx_word' id='word_1_219' title='bbox 1266 3113 1352 3163; x_wconf 71' lang='lat' dir='ltr'><strong>min-r</strong></span> <span class='ocrx_word' id='word_1_220' title='bbox 1365 3112 1370 3177; x_wconf 95' lang='grc' dir='ltr'>Ι</span> <span class='ocrx_word' id='word_1_221' title='bbox 1384 3114 1439 3179; x_wconf 79' lang='lat' dir='ltr'><strong>lege</strong></span> <span class='ocrx_word' id='word_1_222' title='bbox 1450 3130 1468 3163; x_wconf 81' lang='lat' dir='ltr'><strong>r</strong></span> 
     </span>
    </p>
   </div>
   <div class='ocr_carea' id='block_1_9' title="bbox 258 3198 1466 3333">
    <p class='ocr_par' dir='ltr' id='par_1_11' title="bbox 258 3198 1466 3333">
     <span class='ocr_line' id='line_1_26' title="bbox 260 3198 1466 3267; baseline -0.002 -15"><span class='ocrx_word' id='word_1_223' title='bbox 260 3219 290 3263; x_wconf 90' lang='grc'><strong>14</strong></span> <span class='ocrx_word' id='word_1_224' title='bbox 305 3199 542 3264; x_wconf 70' lang='lat' dir='ltr'><strong>nosepeccatisH</strong></span> <span class='ocrx_word' id='word_1_225' title='bbox 657 3211 685 3262; x_wconf 82' lang='lat'><strong>15</strong></span> <span class='ocrx_word' id='word_1_226' title='bbox 703 3198 882 3249; x_wconf 84' lang='lat' dir='ltr'><strong>instruimusC</strong></span> <span class='ocrx_word' id='word_1_227' title='bbox 974 3198 1028 3250; x_wconf 88' lang='grc'><strong>,16</strong></span> <span class='ocrx_word' id='word_1_228' title='bbox 1044 3216 1151 3267; x_wconf 88' lang='lat' dir='ltr'><strong>quorum</strong></span> <span class='ocrx_word' id='word_1_229' title='bbox 1167 3218 1184 3251; x_wconf 88' lang='lat' dir='ltr'><strong>r</strong></span> <span class='ocrx_word' id='word_1_230' title='bbox 1278 3216 1329 3267; x_wconf 66' lang='lat'><strong>⁴17</strong></span> <span class='ocrx_word' id='word_1_231' title='bbox 1345 3202 1466 3253; x_wconf 69' lang='lat' dir='ltr'><strong>adiecitr</strong></span> 
     </span>
     <span class='ocr_line' id='line_1_27' title="bbox 258 3280 432 3333; baseline -0.006 -1"><span class='ocrx_word' id='word_1_232' title='bbox 258 3298 288 3333; x_wconf 90' lang='grc'><strong>11</strong></span> <span class='ocrx_word' id='word_1_233' title='bbox 306 3282 376 3332; x_wconf 86' lang='lat' dir='ltr'><strong>illum</strong></span> <span class='ocrx_word' id='word_1_234' title='bbox 391 3283 412 3332; x_wconf 88' lang='lat' dir='ltr'>C</span> <span class='ocrx_word' id='word_1_235' title='bbox 418 3280 432 3306; x_wconf 73' lang='lat'><strong><em>⁴</em></strong></span> 
     </span>
    </p>
   </div>
   <div class='ocr_carea' id='block_1_10' title="bbox 257 3429 1472 4551">
    <p class='ocr_par' dir='ltr' id='par_1_12' title="bbox 257 3429 1472 4551">
     <span class='ocr_line' id='line_1_28' title="bbox 257 3429 1463 3498; baseline 0.001 -16"><span class='ocrx_word' id='word_1_236' title='bbox 257 3434 376 3490; x_wconf 86' lang='lat' dir='ltr'><strong>Clarom.,</strong></span> <span class='ocrx_word' id='word_1_237' title='bbox 390 3430 440 3481; x_wconf 81' lang='lat' dir='ltr'><strong>and</strong></span> <span class='ocrx_word' id='word_1_238' title='bbox 447 3430 570 3494; x_wconf 74' lang='lat' dir='ltr'><strong>periuriis</strong></span> <span class='ocrx_word' id='word_1_239' title='bbox 580 3430 605 3479; x_wconf 91' lang='lat' dir='ltr'><strong>iu</strong></span> <span class='ocrx_word' id='word_1_240' title='bbox 615 3430 679 3480; x_wconf 92' lang='lat' dir='ltr'><strong>Cod.</strong></span> <span class='ocrx_word' id='word_1_241' title='bbox 692 3429 764 3479; x_wconf 87' lang='lat' dir='ltr'><strong>Fuld.</strong></span> <span class='ocrx_word' id='word_1_242' title='bbox 792 3430 835 3481; x_wconf 90' lang='lat' dir='ltr'><strong>On</strong></span> <span class='ocrx_word' id='word_1_243' title='bbox 921 3446 959 3481; x_wconf 90' lang='grc'><strong>11.</strong></span> <span class='ocrx_word' id='word_1_244' title='bbox 993 3431 1194 3495; x_wconf 79' lang='lat' dir='ltr'><strong>inuertibititan]</strong></span> <span class='ocrx_word' id='word_1_245' title='bbox 1211 3432 1252 3483; x_wconf 86' lang='lat' dir='ltr'><strong>Ci.</strong></span> <span class='ocrx_word' id='word_1_246' title='bbox 1261 3445 1281 3483; x_wconf 89' lang='grc'><strong>1.</strong></span> <span class='ocrx_word' id='word_1_247' title='bbox 1295 3449 1322 3498; x_wconf 89' lang='lat' dir='ltr'><strong>p.</strong></span> <span class='ocrx_word' id='word_1_248' title='bbox 1333 3431 1372 3493; x_wconf 87' lang='grc'><strong>16,</strong></span> <span class='ocrx_word' id='word_1_249' title='bbox 1389 3433 1407 3482; x_wconf 91' lang='lat'><strong>1.</strong></span> <span class='ocrx_word' id='word_1_250' title='bbox 1424 3449 1463 3495; x_wconf 88' lang='grc'><strong>11,</strong></span> 
     </span>
     <span class='ocr_line' id='line_1_29' title="bbox 257 3509 953 3578; baseline 0.001 -17"><span class='ocrx_word' id='word_1_251' title='bbox 257 3513 407 3578; x_wconf 85' lang='lat' dir='ltr'><strong>patricida:</strong></span> <span class='ocrx_word' id='word_1_252' title='bbox 420 3510 543 3576; x_wconf 77' lang='lat' dir='ltr'><strong>parricide</strong></span> <span class='ocrx_word' id='word_1_253' title='bbox 555 3526 597 3560; x_wconf 91' lang='lat' dir='ltr'><strong>see</strong></span> <span class='ocrx_word' id='word_1_254' title='bbox 617 3511 660 3560; x_wconf 91' lang='lat' dir='ltr'><strong>the</strong></span> <span class='ocrx_word' id='word_1_255' title='bbox 674 3509 736 3560; x_wconf 76' lang='lat' dir='ltr'><strong>lerue</strong></span> <span class='ocrx_word' id='word_1_256' title='bbox 755 3510 835 3559; x_wconf 85' lang='lat' dir='ltr'><strong>under</strong></span> <span class='ocrx_word' id='word_1_257' title='bbox 885 3523 953 3564; x_wconf 89' lang='lat' dir='ltr'><strong>note.</strong></span> 
     </span>
     <span class='ocr_line' id='line_1_30' title="bbox 257 3593 1466 3660; baseline 0.002 -15"><span class='ocrx_word' id='word_1_258' title='bbox 257 3596 300 3645; x_wconf 82' lang='lat' dir='ltr'><strong>the</strong></span> <span class='ocrx_word' id='word_1_259' title='bbox 311 3595 384 3644; x_wconf 84' lang='lat' dir='ltr'><strong>latter</strong></span> <span class='ocrx_word' id='word_1_260' title='bbox 395 3593 467 3643; x_wconf 80' lang='lat' dir='ltr'><strong>t&#39;orm.</strong></span> <span class='ocrx_word' id='word_1_261' title='bbox 921 3611 958 3659; x_wconf 79' lang='lat'><strong>13·</strong></span> <span class='ocrx_word' id='word_1_262' title='bbox 994 3596 1023 3646; x_wconf 81' lang='lat' dir='ltr'><em>ia</em></span> <span class='ocrx_word' id='word_1_263' title='bbox 1044 3597 1097 3646; x_wconf 84' lang='lat' dir='ltr'><strong>illis</strong></span> <span class='ocrx_word' id='word_1_264' title='bbox 1118 3599 1172 3647; x_wconf 83' lang='lat' dir='ltr'><strong>inm</strong></span> <span class='ocrx_word' id='word_1_265' title='bbox 1195 3597 1336 3660; x_wconf 75' lang='lat' dir='ltr'><strong>extitimus]</strong></span> <span class='ocrx_word' id='word_1_266' title='bbox 1358 3598 1398 3648; x_wconf 84' lang='lat' dir='ltr'><strong>Ci.</strong></span> <span class='ocrx_word' id='word_1_267' title='bbox 1421 3598 1466 3649; x_wconf 87' lang='lat' dir='ltr'><strong>the</strong></span> 
     </span>
     <span class='ocr_line' id='line_1_31' title="bbox 291 3675 1469 3746; baseline 0.005 -22"><span class='ocrx_word' id='word_1_268' title='bbox 291 3695 313 3737; x_wconf 85' lang='lat'><strong>4.</strong></span> <span class='ocrx_word' id='word_1_269' title='bbox 351 3676 419 3724; x_wconf 81' lang='lat' dir='ltr'><strong>illud</strong></span> <span class='ocrx_word' id='word_1_270' title='bbox 431 3682 513 3725; x_wconf 84' lang='lat' dir='ltr'><strong>nutem</strong></span> <span class='ocrx_word' id='word_1_271' title='bbox 530 3676 584 3734; x_wconf 83' lang='lat' dir='ltr'><strong>scio,</strong></span> <span class='ocrx_word' id='word_1_272' title='bbox 606 3675 724 3739; x_wconf 82' lang='lat' dir='ltr'><strong>quoniam</strong></span> <span class='ocrx_word' id='word_1_273' title='bbox 742 3675 835 3738; x_wconf 81' lang='lat' dir='ltr'><strong>autem]</strong></span> <span class='ocrx_word' id='word_1_274' title='bbox 886 3694 978 3729; x_wconf 88' lang='lat' dir='ltr'><strong>comm.</strong></span> <span class='ocrx_word' id='word_1_275' title='bbox 996 3696 1029 3729; x_wconf 87' lang='lat' dir='ltr'><strong>ou</strong></span> <span class='ocrx_word' id='word_1_276' title='bbox 1045 3680 1103 3730; x_wconf 76' lang='lat' dir='ltr'><strong>Gal.</strong></span> <span class='ocrx_word' id='word_1_277' title='bbox 1121 3697 1142 3730; x_wconf 82' lang='lat' dir='ltr'><strong>v.</strong></span> <span class='ocrx_word' id='word_1_278' title='bbox 1163 3697 1202 3743; x_wconf 87' lang='grc'><strong>14.</strong></span> <span class='ocrx_word' id='word_1_279' title='bbox 1220 3680 1356 3746; x_wconf 78' lang='lat' dir='ltr'><strong>Superstua</strong></span> <span class='ocrx_word' id='word_1_280' title='bbox 1366 3682 1469 3745; x_wconf 78' lang='lat' dir='ltr'><strong>estltgir</strong></span> 
     </span>
     <span class='ocr_line' id='line_1_32' title="bbox 260 3756 1462 3826; baseline 0.002 -18"><span class='ocrx_word' id='word_1_281' title='bbox 260 3761 297 3808; x_wconf 80' lang='lat' dir='ltr'><strong>As</strong></span> <span class='ocrx_word' id='word_1_282' title='bbox 309 3757 351 3807; x_wconf 84' lang='lat' dir='ltr'><strong>the</strong></span> <span class='ocrx_word' id='word_1_283' title='bbox 362 3758 455 3806; x_wconf 87' lang='lat' dir='ltr'><strong>second</strong></span> <span class='ocrx_word' id='word_1_284' title='bbox 466 3764 547 3805; x_wconf 82' lang='lat' dir='ltr'><strong>autem</strong></span> <span class='ocrx_word' id='word_1_285' title='bbox 563 3756 675 3820; x_wconf 86' lang='lat' dir='ltr'><strong>possibly</strong></span> <span class='ocrx_word' id='word_1_286' title='bbox 690 3771 798 3806; x_wconf 82' lang='lat' dir='ltr'><strong>answers</strong></span> <span class='ocrx_word' id='word_1_287' title='bbox 809 3763 836 3806; x_wconf 88' lang='lat' dir='ltr'><strong>to</strong></span> <span class='ocrx_word' id='word_1_288' title='bbox 885 3762 932 3825; x_wconf 69' lang='lat' dir='ltr'><strong>d‘fl</strong></span> <span class='ocrx_word' id='word_1_289' title='bbox 941 3761 1070 3825; x_wconf 68' lang='lat' dir='ltr'><strong>:repleri</strong></span> <span class='ocrx_word' id='word_1_290' title='bbox 1085 3760 1101 3821; x_wconf 82' lang='grc' dir='ltr'><em>ἦ</em></span> <span class='ocrx_word' id='word_1_291' title='bbox 1114 3759 1158 3811; x_wconf 79' lang='grc' dir='ltr'><strong>τοῦ</strong></span> <span class='ocrx_word' id='word_1_292' title='bbox 1174 3760 1249 3821; x_wconf 74' lang='grc' dir='ltr'>νόμον</span> <span class='ocrx_word' id='word_1_293' title='bbox 1266 3760 1370 3822; x_wconf 59' lang='lat' dir='ltr'><strong>deitato</strong></span> <span class='ocrx_word' id='word_1_294' title='bbox 1388 3760 1419 3826; x_wconf 84' lang='lat'><strong>(1.</strong></span> <span class='ocrx_word' id='word_1_295' title='bbox 1436 3776 1462 3826; x_wconf 90' lang='lat' dir='ltr'><strong>p.</strong></span> 
     </span>
     <span class='ocr_line' id='line_1_33' title="bbox 259 3838 1115 3907; baseline 0.001 -17"><span class='ocrx_word' id='word_1_296' title='bbox 259 3840 295 3900; x_wconf 80' lang='grc' dir='ltr'><strong>δή,</strong></span> <span class='ocrx_word' id='word_1_297' title='bbox 316 3839 410 3889; x_wconf 84' lang='lat' dir='ltr'><strong>lleave</strong></span> <span class='ocrx_word' id='word_1_298' title='bbox 425 3839 444 3888; x_wconf 86' lang='lat' dir='ltr'><strong>it</strong></span> <span class='ocrx_word' id='word_1_299' title='bbox 460 3839 640 3903; x_wconf 81' lang='lat' dir='ltr'><strong>uuexpunged3</strong></span> <span class='ocrx_word' id='word_1_300' title='bbox 659 3838 703 3888; x_wconf 88' lang='lat' dir='ltr'><strong>but</strong></span> <span class='ocrx_word' id='word_1_301' title='bbox 714 3839 734 3888; x_wconf 97' lang='grc'><strong>11</strong></span> <span class='ocrx_word' id='word_1_302' title='bbox 745 3839 766 3888; x_wconf 89' lang='lat' dir='ltr'><strong>is</strong></span> <span class='ocrx_word' id='word_1_303' title='bbox 777 3855 837 3902; x_wconf 78' lang='lat' dir='ltr'><strong>very</strong></span> <span class='ocrx_word' id='word_1_304' title='bbox 889 3857 944 3907; x_wconf 82' lang='lat'><strong>150,</strong></span> <span class='ocrx_word' id='word_1_305' title='bbox 962 3844 989 3893; x_wconf 87' lang='lat' dir='ltr'><strong>ll.</strong></span> <span class='ocrx_word' id='word_1_306' title='bbox 1009 3860 1047 3906; x_wconf 87' lang='grc'><strong>14,</strong></span> <span class='ocrx_word' id='word_1_307' title='bbox 1065 3844 1115 3905; x_wconf 88' lang='grc'><strong>16).</strong></span> 
     </span>
     <span class='ocr_line' id='line_1_34' title="bbox 259 3918 1468 3990; baseline 0.003 -21"><span class='ocrx_word' id='word_1_308' title='bbox 259 3921 382 3986; x_wconf 81' lang='lat' dir='ltr'><strong>probably</strong></span> <span class='ocrx_word' id='word_1_309' title='bbox 401 3920 450 3970; x_wconf 84' lang='lat' dir='ltr'><strong>due</strong></span> <span class='ocrx_word' id='word_1_310' title='bbox 470 3927 497 3969; x_wconf 92' lang='lat' dir='ltr'><strong>to</strong></span> <span class='ocrx_word' id='word_1_311' title='bbox 516 3919 559 3969; x_wconf 88' lang='lat' dir='ltr'><strong>the</strong></span> <span class='ocrx_word' id='word_1_312' title='bbox 576 3918 740 3968; x_wconf 82' lang='lat' dir='ltr'><strong>carelessness</strong></span> <span class='ocrx_word' id='word_1_313' title='bbox 759 3920 789 3969; x_wconf 91' lang='grc'><strong>01</strong></span> <span class='ocrx_word' id='word_1_314' title='bbox 803 3935 836 3969; x_wconf 83' lang='lat' dir='ltr'><strong>an</strong></span> <span class='ocrx_word' id='word_1_315' title='bbox 920 3940 960 3975; x_wconf 78' lang='lat'><strong>21.</strong></span> <span class='ocrx_word' id='word_1_316' title='bbox 996 3926 1120 3976; x_wconf 76' lang='lat' dir='ltr'><strong>doctrinae</strong></span> <span class='ocrx_word' id='word_1_317' title='bbox 1136 3941 1220 3990; x_wconf 80' lang='lat' dir='ltr'><strong>quam,</strong></span> <span class='ocrx_word' id='word_1_318' title='bbox 1248 3924 1305 3986; x_wconf 73' lang='lat' dir='ltr'><strong>tre]</strong></span> <span class='ocrx_word' id='word_1_319' title='bbox 1335 3924 1384 3974; x_wconf 87' lang='lat' dir='ltr'><strong>Th.</strong></span> <span class='ocrx_word' id='word_1_320' title='bbox 1407 3925 1468 3975; x_wconf 82' lang='lat' dir='ltr'><strong>thus</strong></span> 
     </span>
     <span class='ocr_line' id='line_1_35' title="bbox 259 4002 1468 4073; baseline 0.003 -20"><span class='ocrx_word' id='word_1_321' title='bbox 259 4003 327 4068; x_wconf 81' lang='lat' dir='ltr'><strong>early</strong></span> <span class='ocrx_word' id='word_1_322' title='bbox 337 4002 443 4067; x_wconf 86' lang='lat' dir='ltr'><strong>copyist.</strong></span> <span class='ocrx_word' id='word_1_323' title='bbox 886 4006 1018 4073; x_wconf 88' lang='lat' dir='ltr'><strong>interprets</strong></span> <span class='ocrx_word' id='word_1_324' title='bbox 1033 4023 1061 4057; x_wconf 78' lang='lat' dir='ltr'><strong>es</strong></span> <span class='ocrx_word' id='word_1_325' title='bbox 1081 4007 1103 4056; x_wconf 89' lang='grc'><strong>11</strong></span> <span class='ocrx_word' id='word_1_326' title='bbox 1120 4008 1146 4058; x_wconf 88' lang='lat' dir='ltr'><strong>S.</strong></span> <span class='ocrx_word' id='word_1_327' title='bbox 1166 4007 1228 4057; x_wconf 84' lang='lat' dir='ltr'><strong>Paul</strong></span> <span class='ocrx_word' id='word_1_328' title='bbox 1246 4006 1297 4056; x_wconf 86' lang='lat' dir='ltr'><strong>had</strong></span> <span class='ocrx_word' id='word_1_329' title='bbox 1315 4008 1414 4057; x_wconf 82' lang='lat' dir='ltr'><strong>written</strong></span> <span class='ocrx_word' id='word_1_330' title='bbox 1432 4009 1468 4057; x_wconf 79' lang='grc' dir='ltr'><strong>δι·</strong></span> 
     </span>
     <span class='ocr_line' id='line_1_36' title="bbox 293 4082 1469 4151; baseline 0.004 -17"><span class='ocrx_word' id='word_1_331' title='bbox 293 4086 316 4135; x_wconf 90' lang='grc'><strong>6.</strong></span> <span class='ocrx_word' id='word_1_332' title='bbox 352 4083 464 4149; x_wconf 84' lang='lat' dir='ltr'><strong>illisqui</strong></span> <span class='ocrx_word' id='word_1_333' title='bbox 475 4088 578 4147; x_wconf 68' lang='lat' dir='ltr'><strong>peccam</strong></span> <span class='ocrx_word' id='word_1_334' title='bbox 592 4097 642 4131; x_wconf 85' lang='lat' dir='ltr'><strong>nec.</strong></span> <span class='ocrx_word' id='word_1_335' title='bbox 657 4082 759 4146; x_wconf 79' lang='lat' dir='ltr'><strong>estlegis</strong></span> <span class='ocrx_word' id='word_1_336' title='bbox 773 4083 832 4147; x_wconf 66' lang='lat' dir='ltr'><strong>def„</strong></span> <span class='ocrx_word' id='word_1_337' title='bbox 887 4089 1008 4150; x_wconf 70' lang='grc'><strong>10011114</strong></span> <span class='ocrx_word' id='word_1_338' title='bbox 1024 4088 1057 4151; x_wconf 78' lang='grc' dir='ltr'><strong>τῇ</strong></span> <span class='ocrx_word' id='word_1_339' title='bbox 1071 4090 1174 4138; x_wconf 77' lang='grc' dir='ltr'>κατὰτὸ</span> <span class='ocrx_word' id='word_1_340' title='bbox 1192 4086 1342 4148; x_wconf 59' lang='grc' dir='ltr'><strong>εὐαγγέλιον.</strong></span> <span class='ocrx_word' id='word_1_341' title='bbox 1368 4088 1407 4138; x_wconf 79' lang='lat' dir='ltr'><strong>Cf.</strong></span> <span class='ocrx_word' id='word_1_342' title='bbox 1423 4089 1469 4139; x_wconf 86' lang='lat' dir='ltr'><strong>the</strong></span> 
     </span>
     <span class='ocr_line' id='line_1_37' title="bbox 260 4163 1469 4234; baseline 0 -15"><span class='ocrx_word' id='word_1_343' title='bbox 260 4168 317 4230; x_wconf 74' lang='grc'><strong>810]</strong></span> <span class='ocrx_word' id='word_1_344' title='bbox 337 4167 379 4218; x_wconf 91' lang='lat' dir='ltr'><strong>On</strong></span> <span class='ocrx_word' id='word_1_345' title='bbox 391 4167 433 4216; x_wconf 88' lang='lat' dir='ltr'><strong>the</strong></span> <span class='ocrx_word' id='word_1_346' title='bbox 445 4165 563 4228; x_wconf 84' lang='lat' dir='ltr'><strong>theology</strong></span> <span class='ocrx_word' id='word_1_347' title='bbox 574 4163 603 4213; x_wconf 91' lang='grc'><strong>01</strong></span> <span class='ocrx_word' id='word_1_348' title='bbox 610 4164 660 4213; x_wconf 87' lang='lat' dir='ltr'><strong>this</strong></span> <span class='ocrx_word' id='word_1_349' title='bbox 675 4180 779 4229; x_wconf 80' lang='lat' dir='ltr'><strong>passage</strong></span> <span class='ocrx_word' id='word_1_350' title='bbox 796 4181 838 4214; x_wconf 88' lang='lat' dir='ltr'><strong>see</strong></span> <span class='ocrx_word' id='word_1_351' title='bbox 888 4169 920 4219; x_wconf 88' lang='grc' dir='ltr'><strong>Ο.</strong></span> <span class='ocrx_word' id='word_1_352' title='bbox 936 4169 966 4218; x_wconf 93' lang='lat' dir='ltr'><strong>L.</strong></span> <span class='ocrx_word' id='word_1_353' title='bbox 982 4170 1032 4218; x_wconf 86' lang='lat' dir='ltr'><strong>and</strong></span> <span class='ocrx_word' id='word_1_354' title='bbox 1046 4169 1133 4234; x_wconf 63' lang='lat' dir='ltr'><strong>Vulg„</strong></span> <span class='ocrx_word' id='word_1_355' title='bbox 1156 4169 1410 4233; x_wconf 80' lang='lat' dir='ltr'><strong>“doctrinee...quae</strong></span> <span class='ocrx_word' id='word_1_356' title='bbox 1429 4177 1469 4219; x_wconf 88' lang='lat' dir='ltr'><strong>est</strong></span> 
     </span>
     <span class='ocr_line' id='line_1_38' title="bbox 260 4246 1472 4315; baseline -0.002 -15"><span class='ocrx_word' id='word_1_357' title='bbox 260 4263 281 4300; x_wconf 87' lang='grc'><strong>1.</strong></span> <span class='ocrx_word' id='word_1_358' title='bbox 303 4266 327 4315; x_wconf 87' lang='lat' dir='ltr'><strong>p.</strong></span> <span class='ocrx_word' id='word_1_359' title='bbox 352 4248 429 4298; x_wconf 83' lang='lat' dir='ltr'><strong>lxxxi.</strong></span> <span class='ocrx_word' id='word_1_360' title='bbox 450 4246 501 4295; x_wconf 80' lang='lat' dir='ltr'><strong>and</strong></span> <span class='ocrx_word' id='word_1_361' title='bbox 520 4254 547 4296; x_wconf 87' lang='lat' dir='ltr'><strong>to</strong></span> <span class='ocrx_word' id='word_1_362' title='bbox 568 4246 611 4295; x_wconf 89' lang='lat' dir='ltr'><strong>the</strong></span> <span class='ocrx_word' id='word_1_363' title='bbox 632 4262 749 4310; x_wconf 73' lang='lat' dir='ltr'><strong>passages</strong></span> <span class='ocrx_word' id='word_1_364' title='bbox 768 4248 838 4297; x_wconf 88' lang='lat' dir='ltr'><strong>there</strong></span> <span class='ocrx_word' id='word_1_365' title='bbox 888 4248 1025 4298; x_wconf 86' lang='lat' dir='ltr'><strong>secundum</strong></span> <span class='ocrx_word' id='word_1_366' title='bbox 1053 4246 1234 4313; x_wconf 80' lang='lat' dir='ltr'><strong>euangelium”</strong></span> <span class='ocrx_word' id='word_1_367' title='bbox 1250 4276 1280 4285; x_wconf 89' lang='lat'>—</span> <span class='ocrx_word' id='word_1_368' title='bbox 1296 4265 1312 4298; x_wconf 79' lang='grc'><strong>1</strong></span> <span class='ocrx_word' id='word_1_369' title='bbox 1335 4248 1472 4314; x_wconf 78' lang='lat' dir='ltr'><strong>rendering</strong></span> 
     </span>
     <span class='ocr_line' id='line_1_39' title="bbox 260 4325 1471 4395; baseline -0.002 -13"><span class='ocrx_word' id='word_1_370' title='bbox 260 4331 326 4382; x_wconf 84' lang='lat' dir='ltr'><strong>cited</strong></span> <span class='ocrx_word' id='word_1_371' title='bbox 346 4330 395 4379; x_wconf 74' lang='lat' dir='ltr'><strong>add</strong></span> <span class='ocrx_word' id='word_1_372' title='bbox 413 4328 455 4377; x_wconf 89' lang='lat' dir='ltr'><strong>the</strong></span> <span class='ocrx_word' id='word_1_373' title='bbox 472 4343 562 4376; x_wconf 87' lang='lat' dir='ltr'><strong>comm.</strong></span> <span class='ocrx_word' id='word_1_374' title='bbox 579 4342 612 4377; x_wconf 88' lang='lat' dir='ltr'><strong>on</strong></span> <span class='ocrx_word' id='word_1_375' title='bbox 628 4325 686 4375; x_wconf 81' lang='lat' dir='ltr'><strong>Gal.</strong></span> <span class='ocrx_word' id='word_1_376' title='bbox 703 4328 736 4376; x_wconf 83' lang='lat' dir='ltr'><strong>iv.</strong></span> <span class='ocrx_word' id='word_1_377' title='bbox 756 4343 796 4392; x_wconf 79' lang='lat'><strong>30,</strong></span> <span class='ocrx_word' id='word_1_378' title='bbox 812 4344 835 4379; x_wconf 85' lang='lat' dir='ltr'><strong>v.</strong></span> <span class='ocrx_word' id='word_1_379' title='bbox 889 4327 971 4377; x_wconf 83' lang='lat' dir='ltr'><strong>which</strong></span> <span class='ocrx_word' id='word_1_380' title='bbox 983 4343 1029 4377; x_wconf 90' lang='lat' dir='ltr'><strong>our</strong></span> <span class='ocrx_word' id='word_1_381' title='bbox 1044 4328 1184 4386; x_wconf 78' lang='lat' dir='ltr'><strong>translator,</strong></span> <span class='ocrx_word' id='word_1_382' title='bbox 1193 4327 1418 4395; x_wconf 73' lang='lat' dir='ltr'><strong>notwithstanding</strong></span> <span class='ocrx_word' id='word_1_383' title='bbox 1428 4329 1471 4380; x_wconf 79' lang='lat' dir='ltr'><strong>his</strong></span> 
     </span>
     <span class='ocr_line' id='line_1_40' title="bbox 263 4404 1471 4478; baseline 0.002 -18"><span class='ocrx_word' id='word_1_384' title='bbox 263 4428 308 4473; x_wconf 70' lang='grc' dir='ltr'><strong>ης</strong></span> <span class='ocrx_word' id='word_1_385' title='bbox 326 4407 424 4472; x_wconf 73' lang='lat' dir='ltr'><strong>Eph.&#39;u</strong></span> <span class='ocrx_word' id='word_1_386' title='bbox 446 4422 482 4469; x_wconf 88' lang='grc'><strong>14,</strong></span> <span class='ocrx_word' id='word_1_387' title='bbox 502 4421 541 4470; x_wconf 71' lang='grc'><strong>13,</strong></span> <span class='ocrx_word' id='word_1_388' title='bbox 561 4405 587 4455; x_wconf 73' lang='lat' dir='ltr'><strong>il</strong></span> <span class='ocrx_word' id='word_1_389' title='bbox 606 4404 718 4468; x_wconf 82' lang='grc'><strong>14-16;</strong></span> <span class='ocrx_word' id='word_1_390' title='bbox 737 4407 794 4458; x_wconf 86' lang='lat' dir='ltr'><strong>Col.</strong></span> <span class='ocrx_word' id='word_1_391' title='bbox 811 4408 838 4458; x_wconf 86' lang='lat' dir='ltr'><strong>ii.</strong></span> <span class='ocrx_word' id='word_1_392' title='bbox 889 4407 999 4460; x_wconf 76' lang='lat' dir='ltr'><strong>author&#39;s</strong></span> <span class='ocrx_word' id='word_1_393' title='bbox 1026 4417 1160 4471; x_wconf 85' lang='lat' dir='ltr'><strong>comment,</strong></span> <span class='ocrx_word' id='word_1_394' title='bbox 1184 4410 1230 4460; x_wconf 74' lang='lat' dir='ltr'><strong>has</strong></span> <span class='ocrx_word' id='word_1_395' title='bbox 1257 4412 1471 4478; x_wconf 77' lang='lat' dir='ltr'><strong>oonscientionsly</strong></span> 
     </span>
     <span class='ocr_line' id='line_1_41' title="bbox 266 4489 1166 4551; baseline 0 -12"><span class='ocrx_word' id='word_1_396' title='bbox 266 4508 302 4550; x_wconf 86' lang='grc'><strong>11,</strong></span> <span class='ocrx_word' id='word_1_397' title='bbox 319 4505 354 4551; x_wconf 89' lang='grc'><strong>14,</strong></span> <span class='ocrx_word' id='word_1_398' title='bbox 373 4503 408 4549; x_wconf 80' lang='lat'><strong>¹7·</strong></span> <span class='ocrx_word' id='word_1_399' title='bbox 888 4489 996 4539; x_wconf 69' lang='lat' dir='ltr'><strong>avoided</strong></span> <span class='ocrx_word' id='word_1_400' title='bbox 1010 4489 1036 4539; x_wconf 89' lang='lat' dir='ltr'><strong>in</strong></span> <span class='ocrx_word' id='word_1_401' title='bbox 1051 4489 1091 4539; x_wconf 86' lang='lat' dir='ltr'><strong>his</strong></span> <span class='ocrx_word' id='word_1_402' title='bbox 1105 4495 1166 4540; x_wconf 82' lang='lat' dir='ltr'><strong>text.</strong></span> 
     </span>
    </p>
   </div>
   <div class='ocr_carea' id='block_1_11' title="bbox 0 0 1580 5092">
    <p class='ocr_par' dir='ltr' id='par_1_13' title="bbox 0 0 1580 5092">
     <span class='ocr_line' id='line_1_42' title="bbox 0 0 1580 5092; baseline 0 0"><span class='ocrx_word' id='word_1_403' title='bbox 0 0 1580 5092; x_wconf 95' lang='lat' dir='ltr'><strong> </strong></span> 
     </span>
    </p>
   </div>
  </div>
 </body>
</html>
