3142 5100
275 341 341 406 280
608 353 838 410 rnaoooaus
862 357 1153 413 uorsuasranus
1335 342 1484 429 [14-16

269 528 360 611 gelii,
390 527 453 613 [ut]
481 526 661 614 dirumque
682 530 885 615 significaret
906 533 1066 616 quoniam
1093 531 1211 598 uolens
1233 533 1381 598 tenuerit
1401 550 1485 605 eum,

277 633 462 697 debebatur
484 642 597 698 autem
621 635 652 698 ei
681 633 911 700 huiuscemodi
935 636 1154 700 ministerium
1180 637 1238 719 qui
1269 656 1331 718 pro
1359 634 1483 696 uniuer-

276 754 390 799 sorum
416 736 606 817 patiebatur
630 736 759 815 salute;
794 747 828 802 et
857 737 1017 820 quoniam
1044 758 1110 801 non
1139 738 1296 802 minimas
1320 737 1486 801 mercedes

278 858 323 902 ex
339 839 396 902 tali
413 838 521 902 officio
539 841 738 923 adquirebat
760 841 955 916 Philemoni,
971 842 1005 903 in
1026 841 1086 904 tali
1102 839 1156 905 uel
1179 841 1330 906 maxime
1354 838 1486 920 negotio

247 958 263 1024 5
281 941 384 1004 Paulo
400 941 592 1018 constituto,
607 943 634 1005 si
651 944 872 1026 praestitisset
887 943 917 1006 ei
938 963 1036 1006 suum
1058 964 1191 1008 seruum
1207 945 1241 1007 in
1258 942 1485 1006 ministerium

278 1044 342 1107 hoc
366 1054 478 1109 autem
506 1044 593 1109 dixit
618 1067 686 1110 non
713 1048 853 1110 retinere
876 1067 1009 1110 seruum
1033 1068 1111 1111 uera
1131 1048 1250 1112 uolens
1268 1047 1409 1120 ratione,
1430 1043 1485 1106 sed

278 1148 459 1211 ostendens
473 1149 633 1229 quoniam
653 1148 681 1211 si
695 1147 760 1212 hoc
776 1148 906 1213 fecisset
922 1169 989 1212 non
1011 1151 1235 1213 conueniebat
1255 1149 1486 1212 Philemonem

279 1250 453 1333 indignari.
490 1259 622 1317 tantum
636 1274 716 1337 ergo
732 1253 871 1319 interest
886 1264 923 1319 ut
939 1253 1031 1317 nulla
1047 1254 1081 1316 in
1096 1252 1309 1336 suscipiendo
1327 1250 1486 1316 Onesimo

278 1363 313 1419 et
335 1354 524 1436 praebenda
546 1356 577 1419 ei
593 1355 690 1419 uenia
710 1356 912 1437 ambiguitas
929 1357 1171 1421 adnasceretur.
1214 1365 1333 1420 tamen
1356 1373 1486 1416 causam

227 1479 267 1527 10
279 1455 396 1520 uolens
410 1457 519 1520 dicere
535 1456 690 1521 idoneam
705 1458 750 1522 ob
766 1477 869 1540 quam
885 1479 961 1522 eum
978 1460 1116 1522 minime
1132 1460 1284 1535 tenuerit,
1300 1458 1406 1521 dicit:

343 1609 414 1671 sine
433 1609 563 1672 corana
585 1618 694 1673 antem
718 1618 772 1672 tuo
798 1609 889 1673 nihil
909 1610 1001 1673 nolui
1018 1610 1141 1691 facere,
1166 1621 1205 1674 nt
1232 1630 1298 1673 non
1326 1610 1429 1692 qnasi
1452 1630 1487 1673 ex

278 1713 458 1776 necessitate
471 1712 517 1776 sit
530 1713 646 1777 bonum
662 1723 755 1777 tunm
770 1714 830 1777 sed
840 1735 880 1777 ex
893 1715 1066 1778 uoluntate.

345 1847 430 1903 ‘non
445 1838 622 1903 uidebatur
637 1840 718 1904 mihi
739 1860 812 1904 esse
835 1841 959 1904 iustum
976 1850 1013 1904 ut
1033 1851 1150 1904 contra
1165 1841 1383 1905 uoluntatem
1400 1850 1486 1905 tuam
1549 1888 1551 1903 .

279 1961 356 2006 eum
372 1942 547 2006 retinerem
563 1943 620 2024 qui
635 1943 677 2006 ad
696 1951 729 2006 te
744 1942 944 2025 pertinebat.
984 1963 1062 2007 nam
1079 1963 1225 2026 aequum
1241 1963 1315 2007 esse
1332 1945 1488 2006 existimo

225 2066 262 2134 15
280 2054 316 2109 ut
328 2046 565 2128 quodcumque
576 2047 701 2109 bonum
714 2066 758 2110 ex
775 2056 810 2110 te
826 2046 924 2111 fuerit
938 2047 1064 2111 lactum
1081 2069 1141 2130 pro
1154 2057 1212 2114 tuo
1228 2047 1292 2110 hoc
1307 2048 1488 2130 impleatur
1550 2080 1551 2127 1

278 2149 432 2217 arbitrio.'
476 2148 598 2213 deinde
626 2150 706 2231 quia
735 2150 864 2213 tristem
902 2170 980 2213 eum
1010 2149 1090 2232 suga
1119 2151 1205 2215 serui
1237 2158 1274 2213 ut
1305 2152 1414 2213 moris
1441 2159 1489 2214 est
1550 2176 1551 2179 ¹

279 2248 412 2332 fecerat,
427 2252 626 2316 sufficienter
641 2260 676 2314 et
691 2271 752 2335 pro
768 2251 832 2314 hoc
848 2253 982 2317 medere
997 2252 1206 2336 deproperat,
1223 2253 1362 2317 dicens:

335 2392 485 2474 forsitan
499 2393 586 2456 eninr
605 2392 673 2455 z'deo
688 2393 815 2457 recessit
831 2393 881 2456 ad
892 2403 1022 2477 ternpus,
1044 2404 1082 2460 nt
1094 2406 1259 2459 aetcmum
1274 2416 1352 2458 euin
1367 2394 1487 2470 habeas,

280 2497 348 2561 iam
363 2518 426 2561 nrm
440 2518 571 2561 sernum
586 2497 644 2561 sed
655 2508 901 2581 sepimentum.

223 2645 266 2694 20
344 2619 481 2686 euidens
496 2629 546 2683 est
561 2621 719 2703 quoniam
737 2622 769 2684 in
786 2620 865 2704 fuga
886 2642 1000 2686 uersus
1015 2631 1067 2686 est
1088 2621 1214 2686 arbitrii
1230 2621 1281 2686 sui
1297 2623 1467 2706 prauitate
1477 2641 1485 2697 ;
1549 2669 1550 2716 ἐ

805 2790 816 2828 1
835 2782 861 2824 ut
873 2789 912 2823 oni
926 2773 967 2824 C'

315 2924 337 2959 r.
383 2915 413 2958 nt
438 2917 573 2973 ntrnnsqne
596 2908 759 2975 significaret]
799 2910 822 2958 1.
834 2925 858 2959 e.
909 2910 1048 2961 mercedem
1059 2908 1212 2961 amitteret.”

279 2991 322 3040 the
336 2991 426 3055 phrase
443 2990 468 3039 ἐν
484 2993 533 3039 τοῖς
548 2992 642 3049 δέσμαις
656 2991 699 3039 τοῦ
715 2989 860 3052 εὐαγγελίου
945 3004 981 3054 ry.
1010 2991 1110 3052 meiere]
1139 2992 1160 3040 1.
1169 3007 1194 3056 q.
1209 2990 1314 3041 mederi.
1351 2991 1410 3041 The
1425 2987 1484 3040 len.

280 3072 353 3122 looks
364 3081 415 3123 two
425 3088 509 3136 ways:
527 3069 561 3135 (r)
579 3072 599 3122 it
608 3072 713 3137 justifies
729 3073 756 3122 S.
774 3072 859 3122 Pnul's
908 3073 966 3142 give
976 3087 1010 3123 no
1021 3073 1133 3123 instance
1144 3074 1173 3123 oi
1181 3074 1223 3123 the
1234 3074 1315 3124 active
1327 3073 1405 3123 form.

281 3152 343 3201 wish
361 3158 388 3202 to
406 3152 486 3202 retain
504 3152 646 3209 Onesimus,
664 3151 750 3217 seeing
768 3152 789 3201 it
807 3167 859 3202 was
944 3155 983 3203 18.
1005 3154 1255 3218 recessitadtempns]
1280 3153 1487 3208 Iatinversioos.
1548 3155 1549 3210 ζ

281 3331 332 3364 was
359 3316 515 3380 undergoing
541 3314 585 3364 the
612 3314 803 3379 imprisonment
832 3314 859 3363 in
909 3312 1031 3372 horam;”
1051 3313 1094 3364 the
1113 3314 1188 3379 Vulg.
1211 3313 1275 3363 adds
1296 3316 1341 3363 “a
1354 3312 1407 3364 te.”
1441 3313 1488 3361 For

280 3233 319 3283 sor
336 3232 379 3283 the
396 3248 513 3282 common
529 3234 596 3297 good
616 3232 670 3282 that
690 3232 733 3283 the
751 3233 859 3297 Apostle
910 3233 1047 3284 “discessit
1078 3232 1223 3296 (Ambrstr.,
1259 3232 1428 3297 “secessit”)
1457 3233 1486 3281 ad

280 3400 363 3450 which
374 3401 407 3450 he
418 3400 514 3449 needed
526 3398 565 3448 his
576 3398 700 3456 services;
718 3399 755 3457 (α)
772 3399 792 3447 it
802 3413 858 3462 sug-
909 3412 965 3447 enm
986 3396 1074 3445 habeas
1095 3396 1138 3446 the
1159 3396 1192 3446 O.
1214 3396 1244 3444 L.
1264 3395 1317 3445 and
1338 3395 1417 3459 Vulg.
1435 3394 1487 3459 gire

280 3491 347 3546 gests
358 3482 413 3532 that
425 3483 556 3531 Philemon
566 3480 670 3530 himself
678 3481 760 3530 would
772 3482 804 3531 be
816 3482 859 3530 the
910 3476 1005 3526 “illum
1027 3477 1150 3541 reciperes
1158 3475 1172 3499 ”
1195 3477 1331 3538 (dirimit
1354 3475 1387 3526 ci
1410 3476 1485 3540 infra,

279 3565 367 3628 gainer
377 3564 399 3612 ii
406 3563 446 3613 his
456 3564 525 3613 slave
536 3577 601 3613 were
612 3562 745 3627 employed
755 3561 782 3611 in
797 3561 859 3612 such
909 3572 935 3622 p-
949 3558 1033 3613 iant
1049 3558 1073 3618 6,
1086 3567 1152 3610 note.
1182 3558 1242 3609 Non
1252 3573 1368 3618 ennam,
1382 3559 1428 3608 dc.
1455 3557 1488 3608 tn

279 3660 296 3694 a
306 3642 383 3692 worlc
909 3638 956 3688 has
966 3639 1030 3688 been
1041 3639 1163 3705 dropped,
1175 3637 1283 3703 perhaps
1293 3638 1331 3702 by
1342 3655 1377 3688 an
1388 3654 1455 3689 error
1464 3637 1490 3686 oi

315 3742 353 3777 11.
381 3733 411 3775 nt
427 3741 478 3774 non
497 3724 578 3789 qnasi,
594 3724 652 3786 &cl
692 3723 729 3774 So
749 3725 858 3773 Clarum.
910 3720 1094 3783 transcription.
1136 3720 1187 3769 For
1207 3726 1283 3782 super
1303 3735 1326 3768 s.
1350 3719 1396 3769 the
1417 3717 1487 3767 Latin
1547 3733 1548 3738 ¹

278 3807 457 3866 anarrinon,
471 3806 516 3855 but
527 3805 688 3869 substituting
701 3804 809 3855 “esset'’
820 3806 859 3855 ior
909 3805 1020 3855 versions
1035 3803 1163 3870 generally
1179 3801 1243 3851 have
1258 3805 1332 3865 “pro
1350 3800 1451 3859 seruo,”
1461 3816 1487 3848 as

278 3888 326 3946 sr't;
351 3886 438 3952 Vulg.,
459 3887 519 3936 “uti
536 3902 569 3936 ne
589 3885 780 3936 uelut...esset.”
813 3887 859 3935 Ex
909 3885 931 3934 is
946 3885 1005 3951 they
1020 3886 1071 3936 had
1088 3887 1147 3935 read
1164 3884 1227 3947 ὑπὲρ
1248 3884 1346 3932 onnon.
1382 3883 1485 3947 Jerome.

279 3967 501 4021 uoluntariam&
509 3970 624 4018 ἑκούσιον.
649 3968 772 4033 SoAug.;
786 3969 856 4018 0.L.
908 3965 1032 4025 however,
1057 3966 1174 4015 followed
1194 3965 1229 4029 by
1249 3966 1321 4024 Aur„
1346 3962 1486 4014 substitutes

279 4052 329 4101 and
341 4050 426 4116 vulg„
441 4051 458 4078 ‘⁶
466 4046 661 4100 uoluntarium.”
909 4051 925 4074 “
933 4047 989 4112 plus
1000 4044 1098 4097 seruo.’'

316 4146 353 4194 ¹5·
382 4137 412 4179 ut
425 4129 591 4195 quodcumque
607 4129 706 4190 bonum,
725 4128 783 4191 &cl
817 4129 857 4178 Cf.
942 4144 983 4178 ao.
1010 4130 1111 4178 euidens
1129 4135 1164 4178 cst
1180 4127 1306 4193 quonism,
1328 4127 1389 4189 dac-1
1426 4127 1485 4176 hu·

281 4212 307 4262 S.
320 4212 421 4276 Jerome
431 4211 467 4259 ad
476 4211 501 4260 la
512 4210 543 4260 t:
562 4210 656 4275 “quod
672 4218 757 4259 autem
774 4225 858 4260 neces-
908 4209 984 4269 franc,
1005 4210 1090 4275 lreely,
1110 4209 1204 4273 ending
1222 4209 1314 4258 “unde
1333 4225 1382 4259 nec
1402 4206 1484 4257 defini·

279 4291 458 4341 sitatebonam
468 4299 507 4340 est
522 4306 573 4340 non
588 4296 626 4340 est
642 4288 763 4339 bonum.”
797 4290 858 4339 And
908 4289 967 4349 tiue,
981 4285 1277 4339 seddubitatiuedixit.”

281 4373 379 4437 Pelag.:
404 4373 568 4422 “notandum
584 4372 652 4437 quod
668 4372 795 4421 neminem
814 4388 857 4422 uo·
941 4372 969 4421 in
981 4373 1050 4435 fuga
1068 4388 1153 4421 uersas
1170 4378 1213 4427 cst.
1232 4370 1292 4432 dac]
1322 4370 1414 4421 Thur:
1430 4371 1484 4428 dya-
1546 4375 1547 4426 ξ

280 4453 353 4502 luerit
370 4452 516 4503 necessitate
531 4453 591 4502 boni
607 4452 701 4517 aliquid
717 4451 807 4512 iacere,
826 4468 858 4503 ne
909 4450 1045 4516 tritissimi,
1064 4454 1145 4515 φησίν,
1165 4453 1231 4501 alrla
1251 4453 1358 4514 γέγοναν
1381 4450 1484 4512 lym
