3142 5100
643 392 767 452 260
1307 400 1764 452 THEGDURUS
1812 400 2396 452 MGFSUESTENUS

640 577 943 649 utilitate,
979 575 1139 637 haec
1175 577 1255 637 ad
1291 577 1672 637 communia
1708 573 2040 653 pertinent
2088 573 2284 645 lucra,
2316 573 2468 633 licet
2508 573 2716 633 iuuari
2760 573 3020 633 uideam*

639 681 695 741 is
747 681 859 761 qui
923 681 987 741 id
1055 681 1207 741 facit
1271 689 1343 741 ut
1407 701 1555 741 cum
1620 677 2044 741 conuenienti
2123 677 2464 757 proposita
2530 697 2728 737 suurn
2792 677 3024 753 impleat

643 781 1075 845 ministerium
1119 785 1455 865 possitque
1503 781 1608 841 illa
1652 801 1844 861 agere
1884 801 2052 861 quae
2096 781 2340 841 multos
2384 781 2704 861 prodesse
2736 789 3008 861 pot-:runi

639 881 803 945 haec
851 905 1007 945 uero
1051 905 1219 967 quae
1255 885 1339 946 ad
1395 885 1844 945 Philemonem
1888 885 2132 965 scripta
2180 893 2280 945 est
2328 905 2456 945 non
2508 885 2728 945 solun-1
2764 881 3024 961 special*

577 994 741 1068 5est
772 988 928 1069 quia
973 988 1058 1051 ad
1102 994 1352 1050 certam
1397 1005 1752 1068 personam
1794 985 2041 1066 scripta
2088 994 2209 1060 est,
2240 985 2357 1048 sed
2405 993 2472 1047 et
2519 984 2818 1066 ipsorum
2861 982 3028 1063 scrip-

640 1095 859 1150 torum
913 1098 1143 1152 tenore
1190 1072 1538 1152 euidenter
1599 1088 2009 1170 perspicitur.
2098 1090 2183 1151 de
2243 1109 2437 1151 seruo
2498 1090 2683 1151 enirn
2746 1088 3024 1169 scriptum

640 1201 741 1255 est
771 1192 884 1273 qui
918 1191 1293 1273 pertinebat
1325 1191 1410 1254 ad
1461 1190 1956 1264 Philemonem,
1987 1201 2062 1253 ut
2107 1191 2428 1273 reciperet
2458 1212 2616 1254 eum
2654 1192 2719 1254 in
2754 1191 3025 1253 affectum

640 1299 1096 1380 poenitentem
1154 1314 1274 1376 pro
1325 1293 1453 1356 illis
1500 1291 1742 1374 quibus
1795 1293 2053 1355 dudum
2103 1302 2399 1374 gesserat
2454 1294 2679 1369 maliS,
2736 1295 2826 1356 ita
2861 1302 2929 1355 ut
2959 1294 3028 1354 de

642 1401 768 1463 illis
821 1420 993 1482 quae
1046 1399 1204 1461 olim
1260 1399 1347 1460 ab
1406 1419 1487 1460 eo
1541 1397 1801 1459 fuerant
1861 1397 2152 1460 admissa
2211 1396 2462 1459 nullam
2529 1399 2856 1461 rationem
2913 1395 3027 1457 exi-

536 1525 613 1571 10
639 1513 840 1584 geret.
960 1524 1120 1585 ergo
1180 1502 1545 1583 perfectum
1609 1503 2047 1589 iuuamen-in
2109 1501 2408 1583 epistolis
2482 1502 2639 1583 quis
2717 1501 3027 1564 intendens

642 1607 935 1668 inueniat
960 1628 974 1684 ;
1028 1607 1322 1668 maxime
1375 1625 1526 1667 cum
1590 1603 1755 1667 haec
1798 1603 2091 1667 ecclesiis
2136 1605 2471 1685 scripsisse
2516 1606 2806 1681 uidetur,
2833 1625 3027 1668 omnes

640 1712 978 1773 erudimur
1017 1732 1095 1772 ac
1156 1710 1473 1772 discimus
1535 1708 1648 1771 illa
1701 1730 1874 1791 quae
1926 1729 2048 1771 nos
2109 1711 2276 1772 scire
2326 1719 2705 1792 oporteant.
2794 1731 2936 1773 nam
2976 1717 3028 1769 et

641 1814 962 1896 dogmata
1028 1813 1540 1895 scrupulositate
1601 1835 1689 1875 ex
1749 1812 1878 1875 illis
1940 1814 2341 1888 instruimur,
2409 1822 2478 1876 et
2537 1811 3028 1876 conuersationis

642 1929 859 1981 rectae
921 1919 1295 1981 institutum
1373 1939 1463 1980 ex
1525 1917 1651 1980 illis
1726 1918 2064 1980 docemur.
2158 1916 2322 1979 haec
2396 1916 2577 1979 enirn
2641 1925 2916 1995 utraque
2977 1914 3028 1973 in

536 2041 606 2106 15
641 2022 950 2085 omnibus
982 2025 1228 2105 scripta
1260 2023 1556 2105 epistolis
1588 2023 1736 2104 quis
1777 2024 2104 2104 repperiet
2135 2030 2251 2084 aut
2288 2020 2569 2103 pleniori
2603 2019 3028 2102 prosecutione

642 2128 982 2206 explicata
1029 2138 1146 2190 aut
1194 2128 1553 2202 infirmiori,
1588 2128 1780 2190 sicuti
1829 2136 1896 2188 et
1944 2128 2010 2189 in
2049 2126 2598 2208 interpretatione
2646 2133 2870 2186 nostra
2904 2139 3028 2182 cau·

642 2232 895 2293 tissime
928 2232 992 2293 id
1027 2232 1541 2313 designauimus.
1634 2230 1717 2292 de
1751 2230 1879 2292 illis
1910 2249 2069 2291 uero
2101 2249 2272 2311 quae
2302 2228 2630 2309 speciales
2664 2235 2818 2290 sunt
2854 2224 3027 2287 multa

640 2354 728 2395 ex
764 2333 890 2395 illis
933 2335 999 2395 in
1041 2354 1397 2397 commune
1430 2333 1717 2395 uniuersi
1760 2333 2115 2407 erudimur,
2150 2352 2230 2393 eo
2261 2331 2441 2412 quod
2485 2332 2574 2394 de
2612 2332 2749 2395 illis
2783 2352 2941 2414 quae
2976 2331 3026 2392 in

639 2457 996 2499 commune
1030 2437 1379 2518 pertinent,
1417 2437 1587 2498 sicut
1618 2435 1783 2510 dixi,
1815 2433 2024 2497 multa
2054 2433 2398 2515 apostolus
2443 2435 2530 2497 ad
2575 2456 2696 2498 eos
2737 2435 3029 2516 scripsisse

530 2560 615 2605 20
641 2539 924 2603 uidetur.
1017 2550 1084 2604 et
1122 2539 1494 2623 specialiter
1539 2541 1776 2603 iterum
1826 2540 1911 2603 ad
1960 2559 2074 2602 eos
2111 2539 2370 2621 scripsit
2419 2538 2757 2604 instruens
2788 2539 3031 2623 qualiter

640 2643 929 2706 debeant
963 2665 1157 2725 agere
1190 2644 1280 2706 illi
1314 2646 1425 2726 qui
1458 2643 1774 2707 ecclesiae
1820 2642 2335 2706 sollicitudinem
2379 2642 2634 2706 habent
2679 2646 3028 2713 iniunctam,

641 2768 723 2810 eo
754 2750 934 2828 quod
969 2747 1135 2810 tales
1168 2759 1354 2811 erant
1386 2758 1453 2810 et
1487 2746 1578 2808 illi
1611 2748 1695 2809 ad
1729 2766 1898 2827 quos
1941 2745 2314 2823 scribebat;
2362 2747 2588 2828 qualia
2631 2768 2793 2810 uero
2823 2745 3028 2829 singuli

642 2852 917 2932 adsequi
951 2852 1281 2933 possimus
1312 2852 1396 2914 de
1444 2852 1684 2933 quibus
1726 2851 1810 2913 ad
1846 2850 1994 2914 illos
2034 2852 2216 2913 uisus
2248 2859 2350 2913 est
2389 2851 2751 2932 scripsisse.
2839 2850 3030 2913 docuit

644 2954 821 3016 enim
856 2976 976 3017 nos
1009 2954 1237 3037 quales
1270 2955 1558 3017 debeant
1593 2977 1736 3018 esse
1774 2956 2161 3037 presbyteri,
2196 2955 2429 3036 quales
2461 2957 2757 3019 debeant
2789 2951 3029 3019 diaconi.

532 3075 609 3140 25
644 3058 873 3140 quales
924 3059 1180 3134 uiduae,
1240 3058 1467 3140 quales
1522 3059 1712 3132 serui,
1770 3058 2000 3140 quales
2044 3058 2317 3129 domini,
2368 3058 2602 3139 quales
2648 3059 2790 3132 uiri,
2836 3055 3030 3138 quales

645 3164 965 3225 mulieres
1044 3163 1128 3225 de
1156 3161 1256 3225 his
1289 3173 1356 3225 et
1388 3173 1613 3225 autem
1648 3163 1942 3225 scribens
1967 3163 2051 3225 ad
2086 3183 2199 3225 eos
2224 3160 2570 3244 apostolus
2603 3161 2914 3224 instruxit
2939 3177 3029 3220 eos

740 3318 768 3350 α
806 3304 1090 3367 propositus
1119 3304 1190 3352 C*
1228 3304 1486 3368 proposito
1515 3304 1559 3352 C
1580 3306 1728 3363 (corr)
1797 3305 2109 3368 propositum
2131 3304 2199 3352 H
2497 3302 2530 3350 6
2564 3310 2710 3352 tenor
2746 3303 2981 3352 euidenter
3000 3298 3035 3346 C

642 3391 814 3431 tenore
838 3383 1067 3431 uidentur
1090 3385 1155 3432 H
1366 3398 1391 3446 7
1428 3384 1478 3431 in
1501 3383 1681 3432 affectu
1703 3385 1771 3433 H
1980 3387 2010 3433 8
2045 3400 2136 3448 pro
2160 3383 2193 3431 i.
2218 3399 2312 3447 pro
2335 3383 2515 3447 quibus
2540 3384 2608 3431 H
2838 3398 2887 3431 11
2922 3382 3030 3427 inue-

642 3464 745 3512 niet
775 3465 818 3511 C
839 3463 983 3526 (corr)
1006 3465 1074 3512 H
1312 3480 1367 3514 η
1405 3465 1653 3513 discamus
1676 3466 1739 3514 H
1973 3481 2028 3528 13
2064 3466 2500 3528 scrupulositatem
2528 3464 2606 3512 C*
2631 3464 2698 3512 II
2773 3460 3032 3526 scrupulosi·

643 3553 801 3593 tatum
832 3545 875 3592 C
895 3543 1042 3607 (corr)
1201 3543 1261 3593 16
1293 3546 1605 3595 acentissime
1631 3546 1732 3610 (sic)
1761 3547 1825 3595 H
1997 3547 2071 3603 18,
2101 3561 2160 3611 19
2194 3546 2246 3594 in
2269 3545 2521 3594 communi
2552 3545 2596 3595 C
2770 3561 2828 3612 19
2860 3542 2970 3591 dixit
2988 3538 3039 3588 H

646 3640 705 3686 23
740 3641 857 3674 usus
882 3626 994 3689 (sor
1013 3626 1167 3685 uisus)
1197 3626 1273 3675 C*
1300 3628 1366 3675 H
1548 3625 1612 3674 26
1647 3635 1696 3677 et
1720 3643 1797 3676 om
1826 3629 1869 3677 C

708 3777 755 3820 4.
828 3773 927 3806 non
968 3758 1128 3806 solum
1159 3758 1391 3820 speciales,
1424 3756 1536 3817 &c.]
1611 3756 1691 3806 Cf.
1723 3758 1800 3821 Bp
1905 3758 2056 3807 touch
2096 3774 2234 3823 upon
2272 3774 2372 3821 any
2410 3758 2641 3823 question
2686 3758 2744 3807 os
2783 3755 2942 3822 public
2974 3754 3030 3801 in·

646 3840 919 3903 Lightsoot,
946 3840 1233 3896 Colossinus,
1258 3856 1308 3903 p.
1332 3838 1456 3903 369:
1497 3838 1654 3888 “The
1680 3840 1800 3903 Epi·
1902 3843 2072 3893 terest.
2143 3839 2191 3887 It
2228 3839 2269 3888 is
2301 3838 2573 3887 addressed
2611 3838 2903 3902 apparently
2931 3842 2976 3883 to
3005 3849 3028 3880 a

643 3922 738 3970 stle
778 3929 830 3969 to
872 3921 1133 3968 Philemon
1173 3919 1320 3969 holds
1364 3935 1394 3967 a
1433 3919 1617 3982 unique
1657 3919 1801 3982 place
1903 3919 2119 3983 layman.
2188 3920 2237 3968 It
2271 3919 2311 3968 is
2346 3920 2536 3983 wholly
2566 3919 2806 3984 occupied
2842 3916 2950 3966 with
2979 3929 3028 3961 an

554 4022 562 4024 -
643 4018 829 4065 among
864 4001 949 4050 the
977 3999 1230 4065 Apostle's
1250 4001 1491 4064 writingS.
1560 4001 1610 4049 It
1644 4001 1685 4049 is
1716 4002 1800 4049 the
1902 4000 2122 4049 incident
2145 4001 2204 4048 of
2219 4000 2462 4048 domestic
2485 3998 2628 4050 life.”

643 4085 762 4147 only
780 4082 971 4147 strictly
993 4083 1183 4146 private
1206 4082 1352 4131 letter
1376 4081 1538 4130 which
1559 4082 1651 4130 has
1674 4082 1802 4130 been
1975 4099 2052 4146 ¹4·
2120 4083 2235 4132 haec
2255 4099 2294 4130 e.
2319 4084 2554 4146 utraque]
2621 4088 2654 4109 ‘⁸
2675 4083 2806 4131 Both
2839 4080 3030 4130 doctrine

643 4163 922 4227 preserved.
992 4162 1102 4211 The
1128 4163 1350 4211 Pastoral
1377 4161 1597 4225 Epistles
1621 4162 1803 4211 indeed
1903 4164 2006 4211 and
2030 4164 2261 4226 practice.
2274 4160 2301 4182 ”

643 4261 727 4293 are
771 4246 1039 4294 addressed
1086 4252 1138 4293 to
1183 4245 1501 4301 individuals,
1546 4246 1636 4294 but
1686 4246 1804 4308 they
1976 4257 2050 4307 15.
2107 4250 2200 4292 aut
2223 4243 2454 4307 pleniori,
2491 4243 2610 4305 δια]
2647 4246 2837 4294 “More
2869 4259 2922 4291 or
2954 4242 3030 4289 len

642 4326 833 4373 ‹liscuss
893 4326 1166 4389 important
1224 4334 1429 4376 matters
1489 4327 1547 4376 of
1603 4327 1807 4376 Church
1907 4325 2031 4389 sully
2052 4324 2403 4390 expounded.”

643 4405 906 4468 discipline
929 4408 1027 4455 and
1050 4409 1528 4469 government...On
1551 4407 1638 4456 the
1661 4408 1807 4457 other
1973 4425 2051 4471 23.
2121 4410 2180 4457 de
2231 4407 2430 4472 quibus]
2464 4430 2507 4450 =
2540 4409 2600 4459 de
2645 4410 2751 4458 illis
2793 4425 2940 4473 quau,-
2986 4421 3028 4454 or

642 4486 776 4532 hand
816 4486 899 4532 the
937 4488 1079 4534 letter
1116 4489 1283 4535 before
1319 4505 1376 4536 us
1409 4491 1529 4537 does
1557 4497 1643 4536 not
1680 4504 1805 4538 once
1905 4490 1963 4537 de
1984 4490 2091 4538 illis
2112 4491 2167 4539 dc
2190 4490 2360 4553 qm'lms
2379 4509 2399 4547 ;
2434 4490 2500 4539 cs.
2527 4506 2579 4554 p.
2607 4491 2717 4549 261,
2747 4492 2780 4540 1.
2818 4506 2887 4552 ¹5·
