3142 5100
127 383 150 446 Ι.
164 381 207 466 4]
483 398 524 448 m
548 399 601 448 ar.
624 399 675 448 ab
699 396 931 447 τιιιοτιιαιιιι
956 397 978 446 ι.
1293 395 1333 463 73

124 569 218 633 huius
244 568 355 633 dicere
379 571 580 653 progeniem,
608 591 694 636 nunc
721 571 967 648 ueroalterius,
991 571 1169 636 etiterum
1196 571 1239 635 ab
1271 571 1335 634 isto

125 673 261 735 transire
285 673 328 736 ad
353 672 504 749 alterum,
528 672 618 756 quod
642 675 675 737 in
693 674 898 757 genealogiis
920 674 990 738 fieri
1013 675 1099 740 solet
1120 674 1334 752 necessarie*

124 775 256 857 quando
272 777 347 859 quis
367 778 560 859 progeniem
581 798 626 841 ex
650 778 763 843 multis
787 779 1046 844 descendentem
1068 779 1211 845 uoluerit
1234 781 1335 844 inter·

124 880 263 959 pretari;
288 879 470 944 ‘infinitas'
490 883 666 945 nominans
680 904 721 946 co
737 883 827 966 quod
844 883 973 947 nullum
989 883 1090 946 finem
1105 883 1261 959 habeant,
1274 884 1334 947 scd

123 1002 182 1045 nec
201 981 344 1046 deficere
360 984 489 1065 possint
504 985 695 1052 occasiones
710 986 887 1049 uerborum
911 987 945 1049 in
967 986 1090 1050 talibus
1110 986 1164 1050 uel
1184 988 1334 1052 maxime
1371 995 1387 1062 5

122 1087 380 1169 quaestionibus,
398 1109 481 1171 quas
503 1090 605 1152 etiam
625 1091 816 1154 occasiones
835 1091 1062 1155 narrationum
1083 1100 1118 1154 et
1139 1088 1333 1173 †‘fabulas'

122 1209 193 1252 esse
203 1188 301 1266 dixit,
311 1211 351 1253 eo
360 1193 450 1274 quod
461 1211 522 1254 nec
531 1191 658 1275 aliquid
669 1191 816 1256 habeant
825 1194 859 1256 in
870 1214 905 1256 se
916 1195 1147 1269 necessarium,
1158 1194 1216 1256 sed
1226 1194 1332 1258 solam

122 1294 348 1358 narrationem
364 1294 582 1360 contineant*
598 1315 723 1360 uanam
738 1299 911 1386 quandam
924 1308 958 1363 et
968 1297 1164 1375 fabulosam,
1174 1299 1333 1382 quoniam

122 1396 193 1460 ‘ille
217 1396 314 1460 illum
333 1418 379 1460 ex
400 1398 457 1461 illa
476 1400 609 1481 genuit'
655 1410 688 1463 et
704 1401 925 1482 interpretans
941 1401 1022 1484 quid
1039 1398 1245 1464 ‘infinitum'
1261 1422 1333 1466 esse

121 1501 210 1577 dicit,
242 1502 371 1584 optime
400 1503 541 1567 adiecit:
577 1525 658 1588 qnae
686 1504 884 1585 quaestiones
905 1513 1078 1587 praestant
1101 1506 1209 1588 magis
1233 1526 1332 1586 qnam
1351 1528 1390 1576 10

121 1604 387 1686 dispensationem
402 1606 470 1669 Dei
483 1608 518 1670 in
524 1609 604 1692 fide.
648 1607 687 1691 †‘
701 1607 819 1672 talium
836 1609 971 1692 (inquit)
988 1610 1142 1685 narrati0,
1163 1620 1197 1673 et
1212 1608 1333 1675 sollici·

122 1709 204 1771 tudo
219 1730 307 1792 quae
322 1712 365 1774 de
380 1710 502 1775 talibus
517 1722 576 1789 est,
598 1714 810 1796 quaestiones
834 1715 969 1797 quidem
992 1715 1145 1796 copiosas
1168 1714 1331 1798 quasdam

121 1821 156 1875 et
168 1811 318 1876 infinitas
333 1822 501 1896 praestare
515 1816 667 1893 uidetur;
690 1815 845 1898 prohibet
860 1837 940 1880 uero
961 1816 1110 1881 diuinam
1130 1837 1332 1899 cognoscere

122 1918 417 1999 dispensationem,
445 1921 628 1985 secundum
658 1942 760 2003 quam
792 1920 885 1984 Deus
924 1931 1073 1984 nostram
1103 1919 1247 1984 salutem
1272 1941 1333 2002 per

125 2019 295 2084 Christum
320 2021 449 2104 operari
473 2022 631 2105 dignatus
657 2034 716 2098 est,
741 2023 794 2087 cui
817 2023 871 2087 uel
896 2024 1045 2086 maxime
1066 2044 1142 2087 cum
1158 2022 1250 2086 omni
1266 2022 1333 2087 fide
1350 2041 1386 2109 15

123 2125 295 2188 intendere
310 2126 467 2189 conuenit
489 2125 564 2190 illos
585 2127 641 2209 qui
662 2127 812 2199 audiunt,
830 2128 887 2209 qui
906 2136 940 2190 et
963 2127 1043 2209 ipsis
1062 2126 1160 2189 rebus
1179 2127 1332 2191 ueritatis

123 2228 245 2293 babere
272 2240 413 2312 possunt
432 2228 694 2313 probationem*
739 2249 881 2313 quorum
906 2230 1058 2294 doctrina
1081 2230 1218 2293 minime
1239 2250 1332 2312 prae-

123 2336 285 2410 termissa,
310 2336 534 2398 successiones
557 2354 625 2397 non
655 2335 813 2397 conuenit
843 2333 1008 2397 discutere
1029 2334 1207 2416 generum!
1252 2354 1331 2399 nam

123 2442 202 2522 quia
226 2450 307 2503 tunc
337 2439 426 2502 mala
456 2449 551 2504 erant
575 2439 618 2502 de
643 2438 734 2501 hisce
758 2437 870 2514 uerba,
896 2436 1023 2520 liquido
1045 2437 1078 2500 id
1102 2436 1261 2518 probatur
1287 2459 1331 2502 ex

125 2544 292 2609 Matthaei
317 2556 351 2608 et
378 2543 490 2607 Lucae
511 2543 790 2626 euangelistarum
814 2543 1010 2606 narratione.
1054 2543 1185 2626 utrique
1208 2544 1331 2608 etenim
1347 2564 1390 2613 20

123 2648 377 2731 explicauerunt
396 2646 681 2731 quemadmodum
702 2644 826 2709 Christi
848 2646 1019 2726 generatio
1042 2666 1086 2709 ex
1109 2647 1248 2729 antiquo
1274 2648 1333 2711 de·

124 2812 171 2899 τῲ
193 2811 296 2898 λόγῳ·
326 2810 410 2898 ὅπερ
436 2813 471 2879 ἐν
496 2817 569 2883 ταῖς
593 2813 822 2896 γενεαλογίαις
850 2809 1004 2895 γίνεσθαι
1030 2805 1165 2900 deonna,
1192 2807 1249 2877 νῦν
1273 2806 1332 2889 μὲν

123 2909 241 2977 τούτου
263 2910 430 2993 λεγόντων
459 2910 497 2976 τὸ
525 2910 625 2995 γένος,
652 2910 745 2982 αὖθις
775 2909 809 2976 δὲ
835 2908 873 2976 τὸ
900 2908 1019 2996 ἑτέρου,
1045 2905 1101 2972 καὶ
1130 2904 1237 2971 πάλιν
1265 2903 1332 2969 ἀπὸ

124 3010 241 3075 τούτου
254 3008 504 3093 μεθισταμένων
519 3011 564 3081 εἰς
580 3010 698 3098 ἕτερον.

190 3107 336 3192 ’μύθων’
353 3107 387 3175 δὲ
398 3106 515 3179 αὐτοὺς
530 3107 700 3191 ὠνόμασεν
716 3108 758 3179 ὦς
768 3105 814 3192 μὴ
825 3106 964 3199 ἔχοντας
976 3104 1160 3190 ἀναγκαίαν
1173 3100 1331 3187 διήγησιν.
1346 3126 1365 3173 2
1370 3123 1386 3190 5

188 3212 211 3292 ἡ
232 3215 296 3298 γὰρ
316 3210 393 3299 περὶ
413 3214 520 3277 ταῦτα
540 3211 653 3303 σχολὴ
675 3210 731 3278 καὶ
754 3209 887 3293 ζήτησις
905 3209 964 3276 οὐκ
984 3211 1021 3300 ἐᾷ
1040 3212 1164 3294 γνῶναι
1186 3208 1243 3274 τοῦ
1259 3206 1333 3271 θεοῦ

123 3315 184 3397 τὴν
214 3314 412 3397 οἰκονομίαν,
436 3313 511 3380 καθ’
540 3312 580 3398 ἢν
602 3313 663 3398 ‘triv
691 3313 853 3402 ἡμετέραν
888 3312 943 3380 διὰ
972 3315 1120 3400 Χριστοῦ
1154 3309 1333 3398 εἰργάσατο

124 3416 303 3504 σωτηρίαν·
361 3415 382 3500 ᾖ
410 3417 542 3500 μᾶλλον
571 3416 753 3507 προσέχειν
782 3418 846 3484 ἔδει
878 3415 963 3501 μετὰ
990 3416 1144 3494 πίστεως,
1170 3412 1238 3480 α’ττὸ
1267 3415 1334 3479 τῶν

124 3518 330 3608 πραγμάτων
351 3517 489 3607 ἔχοντας
510 3521 568 3601 τῆς
590 3518 750 3601 ἀληθείας
772 3518 833 3603 τὴν
854 3517 1030 3603 ἀπόδειξιν.

172 3694 324 3746 ntransisse
340 3693 373 3759 νΙ
388 3695 526 3745 necessario
542 3712 559 3745 r
660 3697 785 3759 4habent
798 3715 814 3746 r
924 3695 1131 3761 13prohibentr
1233 3710 1263 3762 19
1279 3710 1333 3746 uer·

125 3778 189 3827 bisr
304 3790 336 3825 ιο
353 3786 400 3826 utr.
414 3777 479 3840 epr
494 3776 561 3826 enim
573 3793 590 3826 r
703 3776 734 3828 τό
752 3777 828 3828 Coisl.
845 3792 900 3840 τοι,
914 3777 964 3827 ac.

157 3950 183 3992 4.
215 3930 324 3993 eoquod
336 3928 437 3978 nullum
443 3929 527 3993 finem
543 3929 581 3992 b]
601 3930 706 3994 Chryse
756 3931 799 3981 the
811 3930 930 3992 Mishnal.

124 4008 707 4074 τίέστίιᾶτεράντοιι;ἤτοιτίραισθδὲν
792 4028 829 4077 19.
863 4006 1334 4077 lique'dor'dprobatur‚&c.]Itseems

125 4094 270 4156 ἐχούσαις,
292 4088 309 4151 ἢ
327 4090 395 4141 οὐδὲν
413 4094 539 4155 χρήσιμον,
555 4092 571 4152 ἢ
589 4091 705 4142 avenant
755 4094 810 4145 that
823 4093 894 4143 Th.'s
905 4100 1011 4143 account
1022 4090 1052 4140 of
1066 4090 1108 4139 the
1127 4103 1234 4154 purpose
1251 4087 1333 4138 aimed

124 4180 220 4237 ληπον
232 4176 299 4235 ἡμῖν.
755 4183 781 4224 at
794 4175 827 4238 by
839 4174 882 4223 the
892 4171 1059 4238 genealogias
1070 4169 1091 4219 is
1102 4185 1118 4218 a
1129 4184 1195 4218 mere
1210 4166 1334 4217 insecence

156 4257 181 4307 6.
220 4255 356 4322 ‘subulas’
379 4272 427 4306 esse
445 4257 519 4317 dixit,
541 4257 599 4320 διο]
624 4257 701 4309 det.
755 4252 857 4302 derived
874 4251 939 4301 from
954 4267 970 4300 a
986 4252 1143 4316 comparison
1157 4249 1187 4300 oi
1202 4249 1246 4299 the
1259 4265 1334 4314 gene-

124 4340 221 4406 msigns
239 4353 337 4388 amore
351 4337 454 4388 definite
471 4355 542 4388 sense
561 4348 588 4388 to
603 4341 705 4399 μύθουςι
755 4331 850 4397 alogies
872 4331 902 4381 os
919 4332 966 4383 SS.
989 4331 1064 4382 Man.
1091 4332 1142 4382 and
1168 4329 1247 4380 Luke
1284 4330 1335 4381 His

124 4441 148 4481 μ
163 4414 360 4477 ίαάλεσεν...τὴτ
373 4417 507 4478 Ἰουδαῦιὴν
520 4420 645 4483 ἑρμηνείαν
660 4416 705 4478 τήν
756 4420 895 4464 comments
906 4429 940 4463 on
952 4414 978 4465 S·
992 4413 1067 4463 Man.
1080 4413 1094 4462 i.
1110 4412 1160 4461 and
1173 4411 1200 4462 S.
1214 4410 1285 4461 Luke
1297 4410 1331 4461 iii.

125 4504 165 4551 ὑπ’
181 4500 265 4551 αὐτῶν
282 4497 432 4559 καλουμένην
449 4501 621 4561 δευτίμωσιν
641 4497 668 4560 [i.
681 4515 702 4548 e.
735 4556 737 4559 ¹
758 4512 788 4560 ²3
800 4511 846 4560 sq,
861 4509 903 4543 are
913 4492 1097 4556 unfortunately
1108 4492 1169 4542 both
1181 4492 1293 4559 missing.
