<?xml version="1.0" encoding="UTF-8"?>
<!DOCTYPE html PUBLIC "-//W3C//DTD XHTML 1.0 Transitional//EN"
    "http://www.w3.org/TR/xhtml1/DTD/xhtml1-transitional.dtd">
<html xmlns="http://www.w3.org/1999/xhtml" xml:lang="en" lang="en">
 <head>
  <title>
</title>
<meta http-equiv="Content-Type" content="text/html;charset=utf-8" />
  <meta name='ocr-system' content='tesseract 3.04.00' />
  <meta name='ocr-capabilities' content='ocr_page ocr_carea ocr_par ocr_line ocrx_word'/>
</head>
<body>
  <div class='ocr_page' id='page_1' title='image "./theodoriepiscop00swetgoog_0103.png"; bbox 0 0 3142 5100; ppageno 0'>
   <div class='ocr_carea' id='block_1_1' title="bbox 124 375 1334 464">
    <p class='ocr_par' dir='ltr' id='par_1_1' title="bbox 124 375 1334 464">
     <span class='ocr_line' id='line_1_1' title="bbox 124 375 1334 464; baseline 0.006 -25"><span class='ocrx_word' id='word_1_1' title='bbox 124 375 166 441; x_wconf 86' lang='lat'>11.</span> <span class='ocrx_word' id='word_1_2' title='bbox 184 379 294 463; x_wconf 81' lang='lat'><strong>3-5.]</strong></span> <span class='ocrx_word' id='word_1_3' title='bbox 491 394 532 445; x_wconf 83' lang='lat' dir='ltr'>ru</span> <span class='ocrx_word' id='word_1_4' title='bbox 557 395 609 446; x_wconf 78' lang='lat' dir='ltr'>an.</span> <span class='ocrx_word' id='word_1_5' title='bbox 632 394 684 444; x_wconf 80' lang='lat' dir='ltr'>no</span> <span class='ocrx_word' id='word_1_6' title='bbox 706 392 937 446; x_wconf 79' lang='lat' dir='ltr'>nruorunuu</span> <span class='ocrx_word' id='word_1_7' title='bbox 960 395 984 445; x_wconf 90' lang='lat'>1.</span> <span class='ocrx_word' id='word_1_8' title='bbox 1099 387 1102 392; x_wconf 83' lang='grc'><strong><em>·</em></strong></span> <span class='ocrx_word' id='word_1_9' title='bbox 1291 385 1334 464; x_wconf 89' lang='lat'>87</span> 
     </span>
    </p>
   </div>
   <div class='ocr_carea' id='block_1_2' title="bbox 120 561 1331 956">
    <p class='ocr_par' dir='ltr' id='par_1_2' title="bbox 120 561 1331 956">
     <span class='ocr_line' id='line_1_2' title="bbox 120 561 1331 649; baseline 0.006 -26"><span class='ocrx_word' id='word_1_10' title='bbox 120 561 309 630; x_wconf 72' lang='lat' dir='ltr'>sobrietati.⁵</span> <span class='ocrx_word' id='word_1_11' title='bbox 355 573 391 629; x_wconf 92' lang='lat' dir='ltr'>et</span> <span class='ocrx_word' id='word_1_12' title='bbox 418 566 561 630; x_wconf 87' lang='lat' dir='ltr'>suadens</span> <span class='ocrx_word' id='word_1_13' title='bbox 587 566 634 630; x_wconf 87' lang='lat' dir='ltr'>illi</span> <span class='ocrx_word' id='word_1_14' title='bbox 657 567 723 631; x_wconf 86' lang='lat' dir='ltr'>ista</span> <span class='ocrx_word' id='word_1_15' title='bbox 745 566 792 630; x_wconf 89' lang='lat' dir='ltr'>sic</span> <span class='ocrx_word' id='word_1_16' title='bbox 816 565 1032 630; x_wconf 67' lang='lat' dir='ltr'>sacere‘sicut</span> <span class='ocrx_word' id='word_1_17' title='bbox 1059 565 1139 649; x_wconf 89' lang='lat' dir='ltr'>ipse,</span> <span class='ocrx_word' id='word_1_18' title='bbox 1161 566 1331 649; x_wconf 89' lang='lat' dir='ltr'>praecepit</span> 
     </span>
     <span class='ocr_line' id='line_1_3' title="bbox 121 666 1330 753; baseline 0.006 -27"><span class='ocrx_word' id='word_1_19' title='bbox 121 684 333 731; x_wconf 90' lang='lat' dir='ltr'>communem</span> <span class='ocrx_word' id='word_1_20' title='bbox 364 689 426 750; x_wconf 91' lang='lat' dir='ltr'>pro</span> <span class='ocrx_word' id='word_1_21' title='bbox 463 669 616 733; x_wconf 90' lang='lat' dir='ltr'>omnibus</span> <span class='ocrx_word' id='word_1_22' title='bbox 653 668 845 733; x_wconf 90' lang='lat' dir='ltr'>hominibus</span> <span class='ocrx_word' id='word_1_23' title='bbox 882 666 1142 733; x_wconf 90' lang='lat' dir='ltr'>sollicitudinem</span> <span class='ocrx_word' id='word_1_24' title='bbox 1179 670 1236 753; x_wconf 92' lang='lat' dir='ltr'>qui</span> <span class='ocrx_word' id='word_1_25' title='bbox 1269 688 1330 751; x_wconf 92' lang='lat' dir='ltr'>per</span> 
     </span>
     <span class='ocr_line' id='line_1_4' title="bbox 120 769 1328 855; baseline 0.006 -24"><span class='ocrx_word' id='word_1_26' title='bbox 120 777 226 832; x_wconf 88' lang='lat' dir='ltr'>totum</span> <span class='ocrx_word' id='word_1_27' title='bbox 241 771 359 833; x_wconf 86' lang='lat' dir='ltr'>orbem</span> <span class='ocrx_word' id='word_1_28' title='bbox 374 791 447 834; x_wconf 88' lang='lat' dir='ltr'>esse</span> <span class='ocrx_word' id='word_1_29' title='bbox 462 771 616 835; x_wconf 91' lang='lat' dir='ltr'>uidentur</span> <span class='ocrx_word' id='word_1_30' title='bbox 630 772 831 855; x_wconf 86' lang='lat' dir='ltr'>expendere,</span> <span class='ocrx_word' id='word_1_31' title='bbox 843 780 878 835; x_wconf 91' lang='lat' dir='ltr'>et</span> <span class='ocrx_word' id='word_1_32' title='bbox 892 771 1085 836; x_wconf 87' lang='lat' dir='ltr'>communia</span> <span class='ocrx_word' id='word_1_33' title='bbox 1099 771 1191 836; x_wconf 84' lang='lat' dir='ltr'>hona</span> <span class='ocrx_word' id='word_1_34' title='bbox 1205 769 1328 838; x_wconf 89' lang='lat' dir='ltr'>debere</span> 
     </span>
     <span class='ocr_line' id='line_1_5' title="bbox 120 871 814 956; baseline 0.009 -24"><span class='ocrx_word' id='word_1_35' title='bbox 120 871 303 936; x_wconf 86' lang='lat' dir='ltr'>existimari</span> <span class='ocrx_word' id='word_1_36' title='bbox 319 893 360 936; x_wconf 87' lang='lat' dir='ltr'>ea</span> <span class='ocrx_word' id='word_1_37' title='bbox 375 894 461 956; x_wconf 88' lang='lat' dir='ltr'>quae</span> <span class='ocrx_word' id='word_1_38' title='bbox 476 875 702 938; x_wconf 88' lang='lat' dir='ltr'>uniuersorum</span> <span class='ocrx_word' id='word_1_39' title='bbox 718 884 814 938; x_wconf 90' lang='lat' dir='ltr'>sunt:</span> 
     </span>
    </p>
   </div>
   <div class='ocr_carea' id='block_1_3' title="bbox 181 1023 1380 1113">
    <p class='ocr_par' dir='ltr' id='par_1_3' title="bbox 181 1023 1380 1113">
     <span class='ocr_line' id='line_1_6' title="bbox 181 1023 1380 1113; baseline 0.004 -25"><span class='ocrx_word' id='word_1_40' title='bbox 181 1023 239 1088; x_wconf 80' lang='lat' dir='ltr'>hoc</span> <span class='ocrx_word' id='word_1_41' title='bbox 251 1036 361 1090; x_wconf 77' lang='lat' dir='ltr'>autem</span> <span class='ocrx_word' id='word_1_42' title='bbox 375 1026 552 1092; x_wconf 75' lang='lat' dir='ltr'>artbertum</span> <span class='ocrx_word' id='word_1_43' title='bbox 566 1038 598 1093; x_wconf 84' lang='lat' dir='ltr'>et</span> <span class='ocrx_word' id='word_1_44' title='bbox 610 1040 768 1113; x_wconf 76' lang='lat' dir='ltr'>acceptum</span> <span class='ocrx_word' id='word_1_45' title='bbox 782 1049 890 1093; x_wconf 81' lang='lat' dir='ltr'>coram</span> <span class='ocrx_word' id='word_1_46' title='bbox 905 1029 1069 1093; x_wconf 79' lang='lat' dir='ltr'>saluatore</span> <span class='ocrx_word' id='word_1_47' title='bbox 1082 1039 1190 1093; x_wconf 86' lang='lat' dir='ltr'>nostro</span> <span class='ocrx_word' id='word_1_48' title='bbox 1204 1028 1282 1098; x_wconf 77' lang='lat' dir='ltr'>Deo.</span> <span class='ocrx_word' id='word_1_49' title='bbox 1363 1040 1380 1110; x_wconf 82' lang='grc' dir='ltr'><strong>ς</strong></span> 
     </span>
    </p>
   </div>
   <div class='ocr_carea' id='block_1_4' title="bbox 118 1153 1325 1344">
    <p class='ocr_par' dir='ltr' id='par_1_4' title="bbox 118 1153 1325 1344">
     <span class='ocr_line' id='line_1_7' title="bbox 182 1153 1325 1242; baseline 0.006 -26"><span class='ocrx_word' id='word_1_50' title='bbox 182 1153 383 1219; x_wconf 86' lang='lat' dir='ltr'>sufficienter</span> <span class='ocrx_word' id='word_1_51' title='bbox 398 1157 504 1220; x_wconf 85' lang='lat' dir='ltr'>suasit</span> <span class='ocrx_word' id='word_1_52' title='bbox 519 1177 575 1219; x_wconf 91' lang='lat' dir='ltr'>eos</span> <span class='ocrx_word' id='word_1_53' title='bbox 597 1158 644 1221; x_wconf 90' lang='lat' dir='ltr'>sic</span> <span class='ocrx_word' id='word_1_54' title='bbox 662 1178 786 1241; x_wconf 85' lang='lat' dir='ltr'>sapere,</span> <span class='ocrx_word' id='word_1_55' title='bbox 810 1157 975 1241; x_wconf 84' lang='lat' dir='ltr'>siquidem</span> <span class='ocrx_word' id='word_1_56' title='bbox 998 1166 1032 1221; x_wconf 89' lang='lat' dir='ltr'>et</span> <span class='ocrx_word' id='word_1_57' title='bbox 1048 1158 1122 1222; x_wconf 90' lang='lat' dir='ltr'>Deo</span> <span class='ocrx_word' id='word_1_58' title='bbox 1143 1157 1191 1221; x_wconf 88' lang='lat' dir='ltr'>sic</span> <span class='ocrx_word' id='word_1_59' title='bbox 1205 1155 1325 1242; x_wconf 83' lang='lat' dir='ltr'>placet</span> 
     </span>
     <span class='ocr_line' id='line_1_8' title="bbox 118 1256 1217 1344; baseline 0.007 -24"><span class='ocrx_word' id='word_1_60' title='bbox 118 1256 206 1320; x_wconf 91' lang='lat' dir='ltr'>unde</span> <span class='ocrx_word' id='word_1_61' title='bbox 222 1266 257 1320; x_wconf 92' lang='lat' dir='ltr'>et</span> <span class='ocrx_word' id='word_1_62' title='bbox 271 1257 502 1339; x_wconf 86' lang='lat' dir='ltr'>probationem</span> <span class='ocrx_word' id='word_1_63' title='bbox 519 1257 643 1323; x_wconf 86' lang='lat' dir='ltr'>faciens</span> <span class='ocrx_word' id='word_1_64' title='bbox 658 1261 747 1344; x_wconf 90' lang='lat' dir='ltr'>quod</span> <span class='ocrx_word' id='word_1_65' title='bbox 765 1261 841 1324; x_wconf 91' lang='lat' dir='ltr'>Deo</span> <span class='ocrx_word' id='word_1_66' title='bbox 855 1262 920 1325; x_wconf 89' lang='lat' dir='ltr'>ista</span> <span class='ocrx_word' id='word_1_67' title='bbox 935 1259 1078 1343; x_wconf 89' lang='lat' dir='ltr'>placent,</span> <span class='ocrx_word' id='word_1_68' title='bbox 1095 1260 1217 1327; x_wconf 86' lang='lat' dir='ltr'>adicit:</span> 
     </span>
    </p>
   </div>
   <div class='ocr_carea' id='block_1_5' title="bbox 117 1406 1325 1574">
    <p class='ocr_par' dir='ltr' id='par_1_5' title="bbox 117 1406 1325 1574">
     <span class='ocr_line' id='line_1_9' title="bbox 181 1406 1325 1496; baseline 0.008 -27"><span class='ocrx_word' id='word_1_69' title='bbox 181 1406 242 1488; x_wconf 85' lang='lat' dir='ltr'>qui</span> <span class='ocrx_word' id='word_1_70' title='bbox 253 1428 362 1471; x_wconf 78' lang='lat' dir='ltr'>omnes</span> <span class='ocrx_word' id='word_1_71' title='bbox 378 1407 522 1474; x_wconf 73' lang='lat' dir='ltr'>homines</span> <span class='ocrx_word' id='word_1_72' title='bbox 536 1412 610 1475; x_wconf 87' lang='lat' dir='ltr'>uult</span> <span class='ocrx_word' id='word_1_73' title='bbox 624 1412 733 1475; x_wconf 84' lang='lat' dir='ltr'>saluos</span> <span class='ocrx_word' id='word_1_74' title='bbox 742 1411 827 1496; x_wconf 79' lang='lat' dir='ltr'>fieri</span> <span class='ocrx_word' id='word_1_75' title='bbox 841 1424 872 1477; x_wconf 83' lang='lat' dir='ltr'>et</span> <span class='ocrx_word' id='word_1_76' title='bbox 888 1411 937 1476; x_wconf 84' lang='lat' dir='ltr'>ad</span> <span class='ocrx_word' id='word_1_77' title='bbox 947 1411 1157 1495; x_wconf 79' lang='lat' dir='ltr'>cognitionem</span> <span class='ocrx_word' id='word_1_78' title='bbox 1172 1411 1325 1479; x_wconf 69' lang='lat' dir='ltr'>ueritatis</span> 
     </span>
     <span class='ocr_line' id='line_1_10' title="bbox 117 1529 235 1574; baseline 0.034 -4"><span class='ocrx_word' id='word_1_79' title='bbox 117 1529 235 1574; x_wconf 77' lang='lat' dir='ltr'>uentre.</span> 
     </span>
    </p>
   </div>
   <div class='ocr_carea' id='block_1_6' title="bbox 115 1647 1382 2247">
    <p class='ocr_par' dir='ltr' id='par_1_6' title="bbox 115 1647 1382 2247">
     <span class='ocr_line' id='line_1_11' title="bbox 182 1647 1382 1731; baseline -0.001 -21"><span class='ocrx_word' id='word_1_80' title='bbox 182 1667 261 1710; x_wconf 87' lang='lat' dir='ltr'>nam</span> <span class='ocrx_word' id='word_1_81' title='bbox 292 1649 371 1731; x_wconf 87' lang='lat' dir='ltr'>quia</span> <span class='ocrx_word' id='word_1_82' title='bbox 402 1648 495 1712; x_wconf 91' lang='lat' dir='ltr'>Deus</span> <span class='ocrx_word' id='word_1_83' title='bbox 525 1651 569 1713; x_wconf 91' lang='lat' dir='ltr'>de</span> <span class='ocrx_word' id='word_1_84' title='bbox 598 1650 755 1714; x_wconf 87' lang='lat' dir='ltr'>omnibus</span> <span class='ocrx_word' id='word_1_85' title='bbox 784 1647 976 1713; x_wconf 89' lang='lat' dir='ltr'>hominibus</span> <span class='ocrx_word' id='word_1_86' title='bbox 1006 1648 1071 1712; x_wconf 90' lang='lat' dir='ltr'>ista</span> <span class='ocrx_word' id='word_1_87' title='bbox 1102 1647 1192 1726; x_wconf 88' lang='lat' dir='ltr'>uelit,</span> <span class='ocrx_word' id='word_1_88' title='bbox 1225 1665 1325 1712; x_wconf 91' lang='lat' dir='ltr'>nemo</span> <span class='ocrx_word' id='word_1_89' title='bbox 1343 1661 1382 1710; x_wconf 92' lang='lat'>10</span> 
     </span>
     <span class='ocr_line' id='line_1_12' title="bbox 116 1750 1326 1835; baseline 0.004 -24"><span class='ocrx_word' id='word_1_90' title='bbox 116 1752 242 1833; x_wconf 86' lang='lat' dir='ltr'>poterit</span> <span class='ocrx_word' id='word_1_91' title='bbox 267 1752 512 1831; x_wconf 84' lang='lat' dir='ltr'>contradicere3</span> <span class='ocrx_word' id='word_1_92' title='bbox 542 1754 680 1818; x_wconf 90' lang='lat' dir='ltr'>euidens</span> <span class='ocrx_word' id='word_1_93' title='bbox 706 1763 819 1817; x_wconf 88' lang='lat' dir='ltr'>autem</span> <span class='ocrx_word' id='word_1_94' title='bbox 847 1761 898 1815; x_wconf 90' lang='lat' dir='ltr'>est</span> <span class='ocrx_word' id='word_1_95' title='bbox 924 1752 1085 1835; x_wconf 89' lang='lat' dir='ltr'>quoniam</span> <span class='ocrx_word' id='word_1_96' title='bbox 1108 1772 1226 1815; x_wconf 89' lang='lat' dir='ltr'>omnes</span> <span class='ocrx_word' id='word_1_97' title='bbox 1250 1750 1326 1816; x_wconf 92' lang='lat' dir='ltr'>uult</span> 
     </span>
     <span class='ocr_line' id='line_1_13' title="bbox 115 1855 1325 1938; baseline 0.002 -20"><span class='ocrx_word' id='word_1_98' title='bbox 115 1855 247 1930; x_wconf 88' lang='lat' dir='ltr'>saluari,</span> <span class='ocrx_word' id='word_1_99' title='bbox 264 1856 344 1937; x_wconf 87' lang='lat' dir='ltr'>quia</span> <span class='ocrx_word' id='word_1_100' title='bbox 360 1864 393 1918; x_wconf 88' lang='lat' dir='ltr'>et</span> <span class='ocrx_word' id='word_1_101' title='bbox 408 1875 526 1919; x_wconf 91' lang='lat' dir='ltr'>omnes</span> <span class='ocrx_word' id='word_1_102' title='bbox 542 1865 661 1921; x_wconf 90' lang='lat' dir='ltr'>tuetur.</span> <span class='ocrx_word' id='word_1_103' title='bbox 703 1856 925 1919; x_wconf 87' lang='lat' dir='ltr'>necessarium</span> <span class='ocrx_word' id='word_1_104' title='bbox 946 1865 997 1919; x_wconf 87' lang='lat' dir='ltr'>est</span> <span class='ocrx_word' id='word_1_105' title='bbox 1012 1876 1092 1938; x_wconf 87' lang='lat' dir='ltr'>ergo</span> <span class='ocrx_word' id='word_1_106' title='bbox 1113 1865 1151 1918; x_wconf 89' lang='lat' dir='ltr'>ut</span> <span class='ocrx_word' id='word_1_107' title='bbox 1172 1875 1233 1919; x_wconf 92' lang='lat' dir='ltr'>nos</span> <span class='ocrx_word' id='word_1_108' title='bbox 1254 1856 1325 1920; x_wconf 89' lang='lat' dir='ltr'>eius</span> 
     </span>
     <span class='ocr_line' id='line_1_14' title="bbox 115 1958 1325 2043; baseline 0 -21"><span class='ocrx_word' id='word_1_109' title='bbox 115 1960 294 2023; x_wconf 90' lang='lat' dir='ltr'>tuitionem</span> <span class='ocrx_word' id='word_1_110' title='bbox 316 1981 396 2043; x_wconf 85' lang='lat' dir='ltr'>erga</span> <span class='ocrx_word' id='word_1_111' title='bbox 421 1981 539 2025; x_wconf 89' lang='lat' dir='ltr'>omnes</span> <span class='ocrx_word' id='word_1_112' title='bbox 569 1963 747 2041; x_wconf 89' lang='lat' dir='ltr'>imitemur,</span> <span class='ocrx_word' id='word_1_113' title='bbox 772 1962 800 2024; x_wconf 91' lang='lat' dir='ltr'>si</span> <span class='ocrx_word' id='word_1_114' title='bbox 823 1972 938 2025; x_wconf 90' lang='lat' dir='ltr'>tamen</span> <span class='ocrx_word' id='word_1_115' title='bbox 961 1960 1005 2024; x_wconf 89' lang='lat' dir='ltr'>ad</span> <span class='ocrx_word' id='word_1_116' title='bbox 1028 1961 1167 2042; x_wconf 89' lang='lat' dir='ltr'>plenum</span> <span class='ocrx_word' id='word_1_117' title='bbox 1190 1958 1325 2023; x_wconf 89' lang='lat' dir='ltr'>adcele-</span> 
     </span>
     <span class='ocr_line' id='line_1_15' title="bbox 115 2063 1324 2148; baseline 0.005 -24"><span class='ocrx_word' id='word_1_118' title='bbox 115 2081 228 2125; x_wconf 89' lang='lat' dir='ltr'>ramus</span> <span class='ocrx_word' id='word_1_119' title='bbox 258 2063 379 2128; x_wconf 89' lang='lat' dir='ltr'>similia</span> <span class='ocrx_word' id='word_1_120' title='bbox 408 2084 526 2147; x_wconf 83' lang='lat' dir='ltr'>sapere</span> <span class='ocrx_word' id='word_1_121' title='bbox 556 2065 640 2128; x_wconf 92' lang='lat' dir='ltr'>Deo.</span> <span class='ocrx_word' id='word_1_122' title='bbox 685 2073 719 2128; x_wconf 89' lang='lat' dir='ltr'>et</span> <span class='ocrx_word' id='word_1_123' title='bbox 748 2065 841 2129; x_wconf 92' lang='lat' dir='ltr'>omni</span> <span class='ocrx_word' id='word_1_124' title='bbox 872 2085 916 2129; x_wconf 86' lang='lat' dir='ltr'>ex</span> <span class='ocrx_word' id='word_1_125' title='bbox 947 2073 1043 2148; x_wconf 89' lang='lat' dir='ltr'>parte</span> <span class='ocrx_word' id='word_1_126' title='bbox 1073 2063 1107 2127; x_wconf 92' lang='lat' dir='ltr'>id</span> <span class='ocrx_word' id='word_1_127' title='bbox 1134 2065 1324 2145; x_wconf 88' lang='lat' dir='ltr'>ostendens,</span> 
     </span>
     <span class='ocr_line' id='line_1_16' title="bbox 115 2166 1379 2247; baseline 0 -17"><span class='ocrx_word' id='word_1_128' title='bbox 115 2166 239 2230; x_wconf 82' lang='lat' dir='ltr'>adicit:</span> <span class='ocrx_word' id='word_1_129' title='bbox 1343 2178 1379 2247; x_wconf 81' lang='lat'>15</span> 
     </span>
    </p>
   </div>
   <div class='ocr_carea' id='block_1_7' title="bbox 179 2322 562 2388">
    <p class='ocr_par' dir='ltr' id='par_1_7' title="bbox 179 2322 562 2388">
     <span class='ocr_line' id='line_1_17' title="bbox 179 2322 562 2388; baseline 0 -1"><span class='ocrx_word' id='word_1_130' title='bbox 179 2343 268 2387; x_wconf 79' lang='lat' dir='ltr'>unrcs</span> <span class='ocrx_word' id='word_1_131' title='bbox 281 2331 389 2386; x_wconf 72' lang='lat' dir='ltr'>aretem</span> <span class='ocrx_word' id='word_1_132' title='bbox 402 2322 494 2387; x_wconf 84' lang='lat' dir='ltr'>Deus</span> <span class='ocrx_word' id='word_1_133' title='bbox 508 2332 562 2388; x_wconf 80' lang='lat' dir='ltr'>cst.</span> 
     </span>
    </p>
   </div>
   <div class='ocr_carea' id='block_1_8' title="bbox 248 2479 1197 2545">
    <p class='ocr_par' dir='ltr' id='par_1_8' title="bbox 248 2479 1197 2545">
     <span class='ocr_line' id='line_1_18' title="bbox 248 2479 1197 2545; baseline -0.001 -14"><span class='ocrx_word' id='word_1_134' title='bbox 248 2480 412 2531; x_wconf 82' lang='lat' dir='ltr'>rsobrietate</span> <span class='ocrx_word' id='word_1_135' title='bbox 426 2481 487 2531; x_wconf 86' lang='lat' dir='ltr'>CH</span> <span class='ocrx_word' id='word_1_136' title='bbox 497 2479 501 2545; x_wconf 87' lang='grc' dir='ltr'>Ι</span> <span class='ocrx_word' id='word_1_137' title='bbox 515 2480 610 2531; x_wconf 86' lang='lat' dir='ltr'>illisH</span> <span class='ocrx_word' id='word_1_138' title='bbox 702 2479 932 2545; x_wconf 74' lang='lat' dir='ltr'>BagnitionemH</span> <span class='ocrx_word' id='word_1_139' title='bbox 1047 2496 1076 2544; x_wconf 84' lang='lat'>¹4</span> <span class='ocrx_word' id='word_1_140' title='bbox 1093 2479 1169 2533; x_wconf 84' lang='lat' dir='ltr'>idom</span> <span class='ocrx_word' id='word_1_141' title='bbox 1181 2498 1197 2530; x_wconf 84' lang='lat' dir='ltr'>r</span> 
     </span>
    </p>
   </div>
   <div class='ocr_carea' id='block_1_9' title="bbox 108 2629 1327 4567">
    <p class='ocr_par' dir='ltr' id='par_1_9' title="bbox 113 2629 1326 2938">
     <span class='ocr_line' id='line_1_19' title="bbox 148 2629 1325 2697; baseline 0.002 -17"><span class='ocrx_word' id='word_1_142' title='bbox 148 2645 173 2695; x_wconf 81' lang='lat'>5.</span> <span class='ocrx_word' id='word_1_143' title='bbox 206 2630 354 2692; x_wconf 67' lang='lat' dir='ltr'>kocauum]</span> <span class='ocrx_word' id='word_1_144' title='bbox 382 2629 416 2681; x_wconf 86' lang='lat'>0.</span> <span class='ocrx_word' id='word_1_145' title='bbox 429 2631 697 2697; x_wconf 83' lang='lat' dir='ltr'>L.anqulg.,“h0c</span> <span class='ocrx_word' id='word_1_146' title='bbox 745 2630 789 2697; x_wconf 88' lang='lat' dir='ltr'>qui</span> <span class='ocrx_word' id='word_1_147' title='bbox 809 2629 968 2696; x_wconf 87' lang='lat' dir='ltr'>omnipotens</span> <span class='ocrx_word' id='word_1_148' title='bbox 985 2629 1082 2691; x_wconf 86' lang='lat' dir='ltr'>dicitur,</span> <span class='ocrx_word' id='word_1_149' title='bbox 1104 2644 1192 2681; x_wconf 81' lang='lat' dir='ltr'>omnes</span> <span class='ocrx_word' id='word_1_150' title='bbox 1210 2629 1325 2682; x_wconf 78' lang='lat' dir='ltr'>homines</span> 
     </span>
     <span class='ocr_line' id='line_1_20' title="bbox 114 2709 1321 2776; baseline 0.002 -16"><span class='ocrx_word' id='word_1_151' title='bbox 114 2709 223 2766; x_wconf 85' lang='lat' dir='ltr'>enim”;</span> <span class='ocrx_word' id='word_1_152' title='bbox 240 2710 293 2760; x_wconf 87' lang='lat' dir='ltr'>and</span> <span class='ocrx_word' id='word_1_153' title='bbox 309 2726 338 2760; x_wconf 89' lang='lat' dir='ltr'>so</span> <span class='ocrx_word' id='word_1_154' title='bbox 354 2711 397 2761; x_wconf 90' lang='lat' dir='ltr'>the</span> <span class='ocrx_word' id='word_1_155' title='bbox 409 2710 460 2759; x_wconf 88' lang='lat' dir='ltr'>Gk.</span> <span class='ocrx_word' id='word_1_156' title='bbox 494 2710 549 2761; x_wconf 91' lang='lat' dir='ltr'>Our</span> <span class='ocrx_word' id='word_1_157' title='bbox 564 2712 698 2762; x_wconf 81' lang='lat' dir='ltr'>translator</span> <span class='ocrx_word' id='word_1_158' title='bbox 744 2713 799 2762; x_wconf 85' lang='lat' dir='ltr'>uult</span> <span class='ocrx_word' id='word_1_159' title='bbox 816 2712 914 2771; x_wconf 82' lang='lat' dir='ltr'>saluari,</span> <span class='ocrx_word' id='word_1_160' title='bbox 928 2727 978 2761; x_wconf 90' lang='lat' dir='ltr'>non</span> <span class='ocrx_word' id='word_1_161' title='bbox 995 2711 1112 2776; x_wconf 89' lang='lat' dir='ltr'>impletur</span> <span class='ocrx_word' id='word_1_162' title='bbox 1129 2712 1181 2762; x_wconf 83' lang='lat' dir='ltr'>eius</span> <span class='ocrx_word' id='word_1_163' title='bbox 1197 2713 1321 2763; x_wconf 83' lang='lat' dir='ltr'>uoluntas.</span> 
     </span>
     <span class='ocr_line' id='line_1_21' title="bbox 113 2790 1324 2857; baseline -0.001 -15"><span class='ocrx_word' id='word_1_164' title='bbox 113 2791 160 2842; x_wconf 79' lang='lat' dir='ltr'>has</span> <span class='ocrx_word' id='word_1_165' title='bbox 171 2792 247 2842; x_wconf 87' lang='lat' dir='ltr'>made</span> <span class='ocrx_word' id='word_1_166' title='bbox 258 2809 274 2842; x_wconf 90' lang='lat' dir='ltr'>a</span> <span class='ocrx_word' id='word_1_167' title='bbox 284 2793 380 2841; x_wconf 83' lang='lat' dir='ltr'>similar</span> <span class='ocrx_word' id='word_1_168' title='bbox 393 2792 528 2857; x_wconf 81' lang='lat' dir='ltr'>changeio</span> <span class='ocrx_word' id='word_1_169' title='bbox 538 2809 563 2844; x_wconf 82' lang='lat' dir='ltr'>v.</span> <span class='ocrx_word' id='word_1_170' title='bbox 577 2806 600 2855; x_wconf 79' lang='lat'>5,</span> <span class='ocrx_word' id='word_1_171' title='bbox 614 2794 697 2844; x_wconf 76' lang='lat' dir='ltr'>where</span> <span class='ocrx_word' id='word_1_172' title='bbox 745 2792 827 2841; x_wconf 84' lang='lat' dir='ltr'>sedin</span> <span class='ocrx_word' id='word_1_173' title='bbox 838 2792 907 2840; x_wconf 88' lang='lat' dir='ltr'>omni</span> <span class='ocrx_word' id='word_1_174' title='bbox 919 2790 1044 2840; x_wconf 87' lang='lat' dir='ltr'>locutione</span> <span class='ocrx_word' id='word_1_175' title='bbox 1055 2806 1161 2841; x_wconf 85' lang='lat' dir='ltr'>sensus</span> <span class='ocrx_word' id='word_1_176' title='bbox 1177 2797 1207 2842; x_wconf 89' lang='lat' dir='ltr'>et</span> <span class='ocrx_word' id='word_1_177' title='bbox 1223 2792 1324 2842; x_wconf 85' lang='lat' dir='ltr'>condi·</span> 
     </span>
     <span class='ocr_line' id='line_1_22' title="bbox 114 2871 1326 2938; baseline 0.001 -15"><span class='ocrx_word' id='word_1_178' title='bbox 114 2882 278 2923; x_wconf 65' lang='lat' dir='ltr'>mantem</span> <span class='ocrx_word' id='word_1_179' title='bbox 290 2875 378 2924; x_wconf 82' lang='lat' dir='ltr'>stands</span> <span class='ocrx_word' id='word_1_180' title='bbox 388 2874 427 2924; x_wconf 83' lang='lat' dir='ltr'>for</span> <span class='ocrx_word' id='word_1_181' title='bbox 438 2875 536 2938; x_wconf 74' lang='grc' dir='ltr'>εϊςγάρ.</span> <span class='ocrx_word' id='word_1_182' title='bbox 745 2871 789 2920; x_wconf 89' lang='lat' dir='ltr'>tio</span> <span class='ocrx_word' id='word_1_183' title='bbox 805 2872 968 2922; x_wconf 88' lang='lat' dir='ltr'>latet...uult</span> <span class='ocrx_word' id='word_1_184' title='bbox 985 2872 1052 2922; x_wconf 87' lang='lat' dir='ltr'>enim</span> <span class='ocrx_word' id='word_1_185' title='bbox 1069 2872 1139 2923; x_wconf 87' lang='lat' dir='ltr'>Deus</span> <span class='ocrx_word' id='word_1_186' title='bbox 1156 2888 1178 2922; x_wconf 89' lang='grc' dir='ltr'>ο.</span> <span class='ocrx_word' id='word_1_187' title='bbox 1196 2872 1222 2923; x_wconf 92' lang='lat' dir='ltr'>h.</span> <span class='ocrx_word' id='word_1_188' title='bbox 1241 2873 1326 2925; x_wconf 82' lang='lat' dir='ltr'>saluos</span> 
     </span>
    </p>

    <p class='ocr_par' dir='ltr' id='par_1_10' title="bbox 112 2954 1325 3348">
     <span class='ocr_line' id='line_1_23' title="bbox 146 2954 1325 3021; baseline 0.002 -16"><span class='ocrx_word' id='word_1_189' title='bbox 146 2958 172 3005; x_wconf 88' lang='grc'>8.</span> <span class='ocrx_word' id='word_1_190' title='bbox 206 2956 696 3021; x_wconf 67' lang='lat' dir='ltr'>adcognilionem180evr.ll.“lhg·</span> <span class='ocrx_word' id='word_1_191' title='bbox 745 2954 808 3014; x_wconf 85' lang='lat' dir='ltr'>fieri,</span> <span class='ocrx_word' id='word_1_192' title='bbox 827 2954 879 3004; x_wconf 88' lang='lat' dir='ltr'>sed</span> <span class='ocrx_word' id='word_1_193' title='bbox 895 2955 920 3004; x_wconf 90' lang='lat' dir='ltr'>si</span> <span class='ocrx_word' id='word_1_194' title='bbox 936 2955 1085 3004; x_wconf 85' lang='lat' dir='ltr'>accedant</span> <span class='ocrx_word' id='word_1_195' title='bbox 1103 2955 1138 3003; x_wconf 87' lang='lat' dir='ltr'>ad</span> <span class='ocrx_word' id='word_1_196' title='bbox 1155 2956 1276 3006; x_wconf 84' lang='lat' dir='ltr'>eum...si</span> <span class='ocrx_word' id='word_1_197' title='bbox 1295 2964 1325 3007; x_wconf 84' lang='lat' dir='ltr'>et</span> 
     </span>
     <span class='ocr_line' id='line_1_24' title="bbox 112 3025 1325 3103; baseline 0.004 -18"><span class='ocrx_word' id='word_1_198' title='bbox 112 3035 263 3086; x_wconf 82' lang='lat' dir='ltr'>uitionern”</span> <span class='ocrx_word' id='word_1_199' title='bbox 296 3025 330 3087; x_wconf 62' lang='lat' dir='ltr'>is‘</span> <span class='ocrx_word' id='word_1_200' title='bbox 351 3038 394 3088; x_wconf 86' lang='lat' dir='ltr'>the</span> <span class='ocrx_word' id='word_1_201' title='bbox 424 3039 558 3103; x_wconf 84' lang='lat' dir='ltr'>rendering</span> <span class='ocrx_word' id='word_1_202' title='bbox 589 3038 619 3088; x_wconf 86' lang='lat' dir='ltr'>os</span> <span class='ocrx_word' id='word_1_203' title='bbox 654 3039 696 3089; x_wconf 88' lang='lat' dir='ltr'>the</span> <span class='ocrx_word' id='word_1_204' title='bbox 745 3035 805 3101; x_wconf 88' lang='lat' dir='ltr'>ipsi</span> <span class='ocrx_word' id='word_1_205' title='bbox 820 3035 944 3086; x_wconf 86' lang='lat' dir='ltr'>uelint.&#39;&#39;</span> <span class='ocrx_word' id='word_1_206' title='bbox 979 3038 1004 3087; x_wconf 85' lang='lat' dir='ltr'>S.</span> <span class='ocrx_word' id='word_1_207' title='bbox 1017 3037 1158 3101; x_wconf 87' lang='lat' dir='ltr'>Augustine</span> <span class='ocrx_word' id='word_1_208' title='bbox 1168 3037 1263 3089; x_wconf 89' lang='lat' dir='ltr'>carried</span> <span class='ocrx_word' id='word_1_209' title='bbox 1275 3038 1325 3090; x_wconf 88' lang='lat' dir='ltr'>this</span> 
     </span>
     <span class='ocr_line' id='line_1_25' title="bbox 113 3116 1325 3184; baseline 0 -14"><span class='ocrx_word' id='word_1_210' title='bbox 113 3121 192 3170; x_wconf 74' lang='lat' dir='ltr'>latin</span> <span class='ocrx_word' id='word_1_211' title='bbox 209 3119 373 3179; x_wconf 76' lang='lat' dir='ltr'>authoritiest</span> <span class='ocrx_word' id='word_1_212' title='bbox 394 3136 462 3184; x_wconf 77' lang='lat' dir='ltr'>cogn.</span> <span class='ocrx_word' id='word_1_213' title='bbox 479 3120 595 3170; x_wconf 84' lang='lat' dir='ltr'>however</span> <span class='ocrx_word' id='word_1_214' title='bbox 611 3136 697 3171; x_wconf 83' lang='lat' dir='ltr'>occurs</span> <span class='ocrx_word' id='word_1_215' title='bbox 744 3116 879 3166; x_wconf 86' lang='lat' dir='ltr'>limitation</span> <span class='ocrx_word' id='word_1_216' title='bbox 890 3123 917 3166; x_wconf 90' lang='lat' dir='ltr'>to</span> <span class='ocrx_word' id='word_1_217' title='bbox 928 3116 971 3166; x_wconf 88' lang='lat' dir='ltr'>the</span> <span class='ocrx_word' id='word_1_218' title='bbox 981 3124 1066 3167; x_wconf 86' lang='lat' dir='ltr'>extent</span> <span class='ocrx_word' id='word_1_219' title='bbox 1081 3117 1111 3166; x_wconf 84' lang='lat' dir='ltr'>oi</span> <span class='ocrx_word' id='word_1_220' title='bbox 1123 3118 1267 3184; x_wconf 80' lang='lat' dir='ltr'>explaining</span> <span class='ocrx_word' id='word_1_221' title='bbox 1281 3119 1325 3170; x_wconf 88' lang='lat' dir='ltr'>the</span> 
     </span>
     <span class='ocr_line' id='line_1_26' title="bbox 112 3196 1325 3268; baseline 0.004 -22"><span class='ocrx_word' id='word_1_222' title='bbox 112 3203 141 3252; x_wconf 80' lang='lat' dir='ltr'>in</span> <span class='ocrx_word' id='word_1_223' title='bbox 158 3203 219 3267; x_wconf 83' lang='lat' dir='ltr'>vig.</span> <span class='ocrx_word' id='word_1_224' title='bbox 231 3204 309 3267; x_wconf 73' lang='lat' dir='ltr'>Taps.</span> <span class='ocrx_word' id='word_1_225' title='bbox 325 3203 357 3251; x_wconf 65' lang='lat' dir='ltr'>de</span> <span class='ocrx_word' id='word_1_226' title='bbox 370 3203 445 3253; x_wconf 71' lang='lat' dir='ltr'>Prin,</span> <span class='ocrx_word' id='word_1_227' title='bbox 460 3203 496 3252; x_wconf 80' lang='lat' dir='ltr'><strong>iii.</strong></span> <span class='ocrx_word' id='word_1_228' title='bbox 509 3204 607 3268; x_wconf 76' lang='lat' dir='ltr'>(Migne</span> <span class='ocrx_word' id='word_1_229' title='bbox 617 3205 648 3255; x_wconf 76' lang='lat' dir='ltr'>P,</span> <span class='ocrx_word' id='word_1_230' title='bbox 663 3205 694 3254; x_wconf 76' lang='lat' dir='ltr'>L,</span> <span class='ocrx_word' id='word_1_231' title='bbox 744 3196 828 3245; x_wconf 83' lang='lat' dir='ltr'>words</span> <span class='ocrx_word' id='word_1_232' title='bbox 847 3204 874 3245; x_wconf 87' lang='lat' dir='ltr'>to</span> <span class='ocrx_word' id='word_1_233' title='bbox 893 3212 968 3246; x_wconf 88' lang='lat' dir='ltr'>mean</span> <span class='ocrx_word' id='word_1_234' title='bbox 986 3198 1047 3261; x_wconf 87' lang='lat' dir='ltr'>only</span> <span class='ocrx_word' id='word_1_235' title='bbox 1062 3197 1116 3246; x_wconf 86' lang='lat' dir='ltr'>that</span> <span class='ocrx_word' id='word_1_236' title='bbox 1138 3213 1204 3249; x_wconf 87' lang='lat' dir='ltr'>none</span> <span class='ocrx_word' id='word_1_237' title='bbox 1223 3215 1270 3249; x_wconf 87' lang='lat' dir='ltr'>can</span> <span class='ocrx_word' id='word_1_238' title='bbox 1291 3201 1325 3251; x_wconf 90' lang='lat' dir='ltr'>be</span> 
     </span>
     <span class='ocr_line' id='line_1_27' title="bbox 112 3276 1323 3348; baseline 0.006 -23"><span class='ocrx_word' id='word_1_239' title='bbox 112 3283 155 3342; x_wconf 81' lang='lat'>62,</span> <span class='ocrx_word' id='word_1_240' title='bbox 169 3282 239 3348; x_wconf 69' lang='lat'>258),</span> <span class='ocrx_word' id='word_1_241' title='bbox 744 3276 821 3326; x_wconf 79' lang='lat' dir='ltr'>saved</span> <span class='ocrx_word' id='word_1_242' title='bbox 832 3285 921 3342; x_wconf 86' lang='lat' dir='ltr'>except</span> <span class='ocrx_word' id='word_1_243' title='bbox 932 3278 967 3340; x_wconf 82' lang='lat' dir='ltr'>by</span> <span class='ocrx_word' id='word_1_244' title='bbox 978 3277 1057 3328; x_wconf 85' lang='lat' dir='ltr'>God’s</span> <span class='ocrx_word' id='word_1_245' title='bbox 1068 3278 1119 3328; x_wconf 85' lang='lat' dir='ltr'>will</span> <span class='ocrx_word' id='word_1_246' title='bbox 1131 3280 1176 3344; x_wconf 80' lang='lat' dir='ltr'>(cp.</span> <span class='ocrx_word' id='word_1_247' title='bbox 1191 3294 1236 3344; x_wconf 82' lang='lat'>107</span> <span class='ocrx_word' id='word_1_248' title='bbox 1248 3282 1323 3332; x_wconf 59' lang='lat' dir='ltr'>“omss</span> 
     </span>
    </p>

    <p class='ocr_par' dir='ltr' id='par_1_11' title="bbox 109 3359 1327 4488">
     <span class='ocr_line' id='line_1_28' title="bbox 149 3359 1325 3425; baseline 0 -11"><span class='ocrx_word' id='word_1_249' title='bbox 149 3380 189 3414; x_wconf 86' lang='grc'>11.</span> <span class='ocrx_word' id='word_1_250' title='bbox 222 3361 495 3425; x_wconf 75' lang='lat' dir='ltr'>omnesuultsaluan]</span> <span class='ocrx_word' id='word_1_251' title='bbox 513 3364 594 3414; x_wconf 83' lang='lat' dir='ltr'>Fora</span> <span class='ocrx_word' id='word_1_252' title='bbox 609 3372 698 3415; x_wconf 78' lang='lat' dir='ltr'>eatena</span> <span class='ocrx_word' id='word_1_253' title='bbox 745 3375 790 3409; x_wconf 91' lang='lat' dir='ltr'>nes</span> <span class='ocrx_word' id='word_1_254' title='bbox 801 3359 844 3423; x_wconf 88' lang='lat' dir='ltr'>qui</span> <span class='ocrx_word' id='word_1_255' title='bbox 860 3359 924 3408; x_wconf 83' lang='lat' dir='ltr'>salui</span> <span class='ocrx_word' id='word_1_256' title='bbox 941 3360 1004 3409; x_wconf 85' lang='lat' dir='ltr'>fiunt</span> <span class='ocrx_word' id='word_1_257' title='bbox 1020 3360 1068 3409; x_wconf 87' lang='lat' dir='ltr'>nisi</span> <span class='ocrx_word' id='word_1_258' title='bbox 1085 3360 1140 3425; x_wconf 85' lang='lat' dir='ltr'>ipso</span> <span class='ocrx_word' id='word_1_259' title='bbox 1156 3364 1257 3413; x_wconf 90' lang='lat' dir='ltr'>uolente</span> <span class='ocrx_word' id='word_1_260' title='bbox 1273 3380 1325 3415; x_wconf 90' lang='lat' dir='ltr'>non</span> 
     </span>
     <span class='ocr_line' id='line_1_29' title="bbox 111 3440 1324 3512; baseline -0.001 -15"><span class='ocrx_word' id='word_1_261' title='bbox 111 3446 143 3497; x_wconf 79' lang='lat' dir='ltr'>oi</span> <span class='ocrx_word' id='word_1_262' title='bbox 157 3448 203 3497; x_wconf 85' lang='lat' dir='ltr'>the</span> <span class='ocrx_word' id='word_1_263' title='bbox 219 3446 333 3512; x_wconf 85' lang='lat' dir='ltr'>patristic</span> <span class='ocrx_word' id='word_1_264' title='bbox 349 3445 538 3509; x_wconf 88' lang='lat' dir='ltr'>interpretation</span> <span class='ocrx_word' id='word_1_265' title='bbox 555 3446 584 3495; x_wconf 82' lang='lat' dir='ltr'>ol</span> <span class='ocrx_word' id='word_1_266' title='bbox 601 3461 610 3496; x_wconf 93' lang='grc'>1</span> <span class='ocrx_word' id='word_1_267' title='bbox 629 3447 695 3496; x_wconf 77' lang='lat' dir='ltr'>Tim</span> <span class='ocrx_word' id='word_1_268' title='bbox 745 3440 851 3504; x_wconf 81' lang='lat' dir='ltr'>fiunt’&#39;).</span> <span class='ocrx_word' id='word_1_269' title='bbox 877 3443 933 3492; x_wconf 91' lang='lat' dir='ltr'>The</span> <span class='ocrx_word' id='word_1_270' title='bbox 944 3441 1072 3507; x_wconf 85' lang='lat' dir='ltr'>Apostle&#39;s</span> <span class='ocrx_word' id='word_1_271' title='bbox 1083 3444 1176 3495; x_wconf 68' lang='grc' dir='ltr'>πάντας</span> <span class='ocrx_word' id='word_1_272' title='bbox 1186 3443 1324 3508; x_wconf 71' lang='grc' dir='ltr'><strong><em>ἀνθρώπους</em></strong></span> 
     </span>
     <span class='ocr_line' id='line_1_30' title="bbox 111 3522 1324 3591; baseline 0 -13"><span class='ocrx_word' id='word_1_273' title='bbox 111 3530 139 3578; x_wconf 88' lang='lat' dir='ltr'>ii.</span> <span class='ocrx_word' id='word_1_274' title='bbox 152 3549 168 3591; x_wconf 86' lang='lat'>4</span> <span class='ocrx_word' id='word_1_275' title='bbox 181 3544 223 3578; x_wconf 82' lang='lat' dir='ltr'>see</span> <span class='ocrx_word' id='word_1_276' title='bbox 236 3529 322 3577; x_wconf 83' lang='lat' dir='ltr'>Petav.</span> <span class='ocrx_word' id='word_1_277' title='bbox 333 3528 363 3576; x_wconf 81' lang='lat' dir='ltr'>de</span> <span class='ocrx_word' id='word_1_278' title='bbox 372 3528 475 3576; x_wconf 77' lang='lat' dir='ltr'>lucam.</span> <span class='ocrx_word' id='word_1_279' title='bbox 490 3540 555 3577; x_wconf 83' lang='grc'><strong>11111.</strong></span> <span class='ocrx_word' id='word_1_280' title='bbox 566 3528 605 3590; x_wconf 66' lang='lat' dir='ltr'>gi.</span> <span class='ocrx_word' id='word_1_281' title='bbox 623 3528 697 3579; x_wconf 85' lang='lat' dir='ltr'>Th.’s</span> <span class='ocrx_word' id='word_1_282' title='bbox 744 3539 796 3573; x_wconf 79' lang='lat' dir='ltr'>was</span> <span class='ocrx_word' id='word_1_283' title='bbox 808 3524 866 3573; x_wconf 84' lang='lat' dir='ltr'>thus</span> <span class='ocrx_word' id='word_1_284' title='bbox 877 3522 1022 3587; x_wconf 83' lang='lat' dir='ltr'>practically</span> <span class='ocrx_word' id='word_1_285' title='bbox 1032 3526 1166 3574; x_wconf 89' lang='lat' dir='ltr'>eonverted</span> <span class='ocrx_word' id='word_1_286' title='bbox 1177 3525 1231 3575; x_wconf 89' lang='lat' dir='ltr'>into</span> <span class='ocrx_word' id='word_1_287' title='bbox 1243 3530 1324 3578; x_wconf 83' lang='lat' dir='ltr'>‘some</span> 
     </span>
     <span class='ocr_line' id='line_1_31' title="bbox 111 3605 1325 3677; baseline 0.002 -21"><span class='ocrx_word' id='word_1_288' title='bbox 111 3622 250 3663; x_wconf 71' lang='lat' dir='ltr'>statement</span> <span class='ocrx_word' id='word_1_289' title='bbox 260 3628 342 3662; x_wconf 74' lang='lat' dir='ltr'>seems</span> <span class='ocrx_word' id='word_1_290' title='bbox 353 3620 380 3662; x_wconf 90' lang='lat' dir='ltr'>t0</span> <span class='ocrx_word' id='word_1_291' title='bbox 391 3613 481 3661; x_wconf 78' lang='lat' dir='ltr'>accord</span> <span class='ocrx_word' id='word_1_292' title='bbox 488 3612 549 3661; x_wconf 73' lang='lat' dir='ltr'>with</span> <span class='ocrx_word' id='word_1_293' title='bbox 557 3613 600 3663; x_wconf 70' lang='lat' dir='ltr'>the</span> <span class='ocrx_word' id='word_1_294' title='bbox 608 3612 696 3677; x_wconf 70' lang='lat' dir='ltr'>judge.</span> <span class='ocrx_word' id='word_1_295' title='bbox 744 3621 810 3666; x_wconf 88' lang='lat' dir='ltr'>men,</span> <span class='ocrx_word' id='word_1_296' title='bbox 824 3605 854 3654; x_wconf 84' lang='lat' dir='ltr'>ol</span> <span class='ocrx_word' id='word_1_297' title='bbox 861 3605 896 3654; x_wconf 91' lang='lat' dir='ltr'>all</span> <span class='ocrx_word' id='word_1_298' title='bbox 907 3612 971 3654; x_wconf 88' lang='lat' dir='ltr'>sorts</span> <span class='ocrx_word' id='word_1_299' title='bbox 980 3605 999 3664; x_wconf 76' lang='grc' dir='ltr'>’ς</span> <span class='ocrx_word' id='word_1_300' title='bbox 1017 3606 1069 3655; x_wconf 82' lang='lat' dir='ltr'>and</span> <span class='ocrx_word' id='word_1_301' title='bbox 1081 3606 1150 3656; x_wconf 90' lang='lat' dir='ltr'>these</span> <span class='ocrx_word' id='word_1_302' title='bbox 1161 3607 1204 3657; x_wconf 87' lang='lat' dir='ltr'>the</span> <span class='ocrx_word' id='word_1_303' title='bbox 1215 3607 1325 3659; x_wconf 75' lang='lat' dir='ltr'>homines</span> 
     </span>
     <span class='ocr_line' id='line_1_32' title="bbox 111 3685 1327 3754; baseline 0.003 -18"><span class='ocrx_word' id='word_1_304' title='bbox 111 3700 183 3741; x_wconf 79' lang='lat' dir='ltr'>ment</span> <span class='ocrx_word' id='word_1_305' title='bbox 206 3692 237 3741; x_wconf 78' lang='lat' dir='ltr'>ot</span> <span class='ocrx_word' id='word_1_306' title='bbox 255 3693 299 3741; x_wconf 82' lang='lat' dir='ltr'>the</span> <span class='ocrx_word' id='word_1_307' title='bbox 320 3691 392 3742; x_wconf 80' lang='lat' dir='ltr'>other</span> <span class='ocrx_word' id='word_1_308' title='bbox 415 3692 498 3743; x_wconf 74' lang='lat' dir='ltr'>Greek</span> <span class='ocrx_word' id='word_1_309' title='bbox 518 3692 619 3749; x_wconf 78' lang='lat' dir='ltr'>fathers,</span> <span class='ocrx_word' id='word_1_310' title='bbox 638 3692 697 3742; x_wconf 83' lang='lat' dir='ltr'>who</span> <span class='ocrx_word' id='word_1_311' title='bbox 743 3688 818 3736; x_wconf 77' lang='lat' dir='ltr'>domu</span> <span class='ocrx_word' id='word_1_312' title='bbox 828 3686 973 3742; x_wconf 68' lang='lat' dir='ltr'>acclamatis,</span> <span class='ocrx_word' id='word_1_313' title='bbox 985 3702 1013 3735; x_wconf 93' lang='lat' dir='ltr'>or</span> <span class='ocrx_word' id='word_1_314' title='bbox 1023 3685 1088 3735; x_wconf 82' lang='lat' dir='ltr'>from</span> <span class='ocrx_word' id='word_1_315' title='bbox 1100 3689 1204 3738; x_wconf 82' lang='lat' dir='ltr'>another</span> <span class='ocrx_word' id='word_1_316' title='bbox 1214 3689 1286 3754; x_wconf 92' lang='lat' dir='ltr'>point</span> <span class='ocrx_word' id='word_1_317' title='bbox 1297 3690 1327 3740; x_wconf 82' lang='lat' dir='ltr'>oi</span> 
     </span>
     <span class='ocr_line' id='line_1_33' title="bbox 112 3768 1324 3836; baseline 0.002 -16"><span class='ocrx_word' id='word_1_318' title='bbox 112 3789 181 3822; x_wconf 74' lang='lat' dir='ltr'>were</span> <span class='ocrx_word' id='word_1_319' title='bbox 197 3773 316 3836; x_wconf 81' lang='lat' dir='ltr'>disposed</span> <span class='ocrx_word' id='word_1_320' title='bbox 333 3778 361 3821; x_wconf 88' lang='lat' dir='ltr'>to</span> <span class='ocrx_word' id='word_1_321' title='bbox 376 3779 464 3836; x_wconf 85' lang='lat' dir='ltr'>accept</span> <span class='ocrx_word' id='word_1_322' title='bbox 478 3773 505 3822; x_wconf 89' lang='lat' dir='ltr'>S.</span> <span class='ocrx_word' id='word_1_323' title='bbox 520 3770 697 3821; x_wconf 85' lang='lat' dir='ltr'>Paul’swords</span> <span class='ocrx_word' id='word_1_324' title='bbox 744 3769 815 3829; x_wconf 82' lang='lat' dir='ltr'>view,</span> <span class='ocrx_word' id='word_1_325' title='bbox 840 3769 883 3818; x_wconf 90' lang='lat' dir='ltr'>the</span> <span class='ocrx_word' id='word_1_326' title='bbox 905 3768 1099 3833; x_wconf 85' lang='lat' dir='ltr'>predestinated.</span> <span class='ocrx_word' id='word_1_327' title='bbox 1142 3769 1181 3820; x_wconf 83' lang='lat' dir='ltr'>Cf.</span> <span class='ocrx_word' id='word_1_328' title='bbox 1205 3772 1272 3836; x_wconf 85' lang='lat' dir='ltr'>Aug.</span> <span class='ocrx_word' id='word_1_329' title='bbox 1294 3772 1324 3823; x_wconf 83' lang='lat' dir='ltr'>de</span> 
     </span>
     <span class='ocr_line' id='line_1_34' title="bbox 112 3850 1322 3919; baseline 0 -16"><span class='ocrx_word' id='word_1_330' title='bbox 112 3855 139 3902; x_wconf 86' lang='lat' dir='ltr'>in</span> <span class='ocrx_word' id='word_1_331' title='bbox 157 3854 225 3903; x_wconf 87' lang='lat' dir='ltr'>their</span> <span class='ocrx_word' id='word_1_332' title='bbox 239 3855 329 3918; x_wconf 80' lang='lat' dir='ltr'>pn&#39;ma</span> <span class='ocrx_word' id='word_1_333' title='bbox 337 3854 407 3918; x_wconf 80' lang='lat' dir='ltr'>saa‘e</span> <span class='ocrx_word' id='word_1_334' title='bbox 421 3870 498 3904; x_wconf 86' lang='lat' dir='ltr'>sense.</span> <span class='ocrx_word' id='word_1_335' title='bbox 534 3856 637 3919; x_wconf 83' lang='lat' dir='ltr'>Among</span> <span class='ocrx_word' id='word_1_336' title='bbox 653 3854 696 3904; x_wconf 84' lang='lat' dir='ltr'>the</span> <span class='ocrx_word' id='word_1_337' title='bbox 743 3866 806 3899; x_wconf 82' lang='lat' dir='ltr'>corr.</span> <span class='ocrx_word' id='word_1_338' title='bbox 823 3857 847 3900; x_wconf 83' lang='lat' dir='ltr'>et</span> <span class='ocrx_word' id='word_1_339' title='bbox 859 3850 946 3914; x_wconf 78' lang='lat' dir='ltr'>gratia</span> <span class='ocrx_word' id='word_1_340' title='bbox 962 3868 1011 3912; x_wconf 80' lang='lat'>44:</span> <span class='ocrx_word' id='word_1_341' title='bbox 1032 3851 1139 3901; x_wconf 87' lang='lat' dir='ltr'>“multis</span> <span class='ocrx_word' id='word_1_342' title='bbox 1154 3853 1235 3902; x_wconf 87' lang='lat' dir='ltr'>modis</span> <span class='ocrx_word' id='word_1_343' title='bbox 1249 3853 1322 3905; x_wconf 92' lang='lat' dir='ltr'>intel-</span> 
     </span>
     <span class='ocr_line' id='line_1_35' title="bbox 112 3929 1322 3995; baseline 0.002 -13"><span class='ocrx_word' id='word_1_344' title='bbox 112 3933 203 3982; x_wconf 69' lang='lat' dir='ltr'>latins</span> <span class='ocrx_word' id='word_1_345' title='bbox 219 3949 290 3982; x_wconf 87' lang='lat' dir='ltr'>some</span> <span class='ocrx_word' id='word_1_346' title='bbox 306 3933 387 3983; x_wconf 89' lang='lat' dir='ltr'>desire</span> <span class='ocrx_word' id='word_1_347' title='bbox 404 3949 455 3983; x_wconf 87' lang='lat' dir='ltr'>was</span> <span class='ocrx_word' id='word_1_348' title='bbox 471 3934 556 3983; x_wconf 80' lang='lat' dir='ltr'>shewn</span> <span class='ocrx_word' id='word_1_349' title='bbox 573 3933 637 3982; x_wconf 85' lang='lat' dir='ltr'>stom</span> <span class='ocrx_word' id='word_1_350' title='bbox 654 3933 696 3983; x_wconf 90' lang='lat' dir='ltr'>the</span> <span class='ocrx_word' id='word_1_351' title='bbox 743 3930 793 3995; x_wconf 87' lang='lat' dir='ltr'>legi</span> <span class='ocrx_word' id='word_1_352' title='bbox 816 3929 976 3995; x_wconf 88' lang='lat' dir='ltr'>potest...sed</span> <span class='ocrx_word' id='word_1_353' title='bbox 996 3929 1038 3980; x_wconf 87' lang='lat' dir='ltr'>hic</span> <span class='ocrx_word' id='word_1_354' title='bbox 1059 3947 1137 3981; x_wconf 89' lang='lat' dir='ltr'>unum</span> <span class='ocrx_word' id='word_1_355' title='bbox 1158 3932 1259 3994; x_wconf 73' lang='lat' dir='ltr'>dicnmt</span> <span class='ocrx_word' id='word_1_356' title='bbox 1287 3938 1322 3986; x_wconf 85' lang='lat' dir='ltr'>ita</span> 
     </span>
     <span class='ocr_line' id='line_1_36' title="bbox 111 4013 1322 4081; baseline 0.001 -14"><span class='ocrx_word' id='word_1_357' title='bbox 111 4015 166 4067; x_wconf 75' lang='lat' dir='ltr'>first</span> <span class='ocrx_word' id='word_1_358' title='bbox 189 4024 216 4066; x_wconf 89' lang='grc' dir='ltr'>1ο</span> <span class='ocrx_word' id='word_1_359' title='bbox 238 4016 319 4080; x_wconf 85' lang='lat' dir='ltr'>guard</span> <span class='ocrx_word' id='word_1_360' title='bbox 340 4016 405 4065; x_wconf 87' lang='lat' dir='ltr'>their</span> <span class='ocrx_word' id='word_1_361' title='bbox 426 4016 588 4081; x_wconf 83' lang='lat' dir='ltr'>application.</span> <span class='ocrx_word' id='word_1_362' title='bbox 624 4015 695 4065; x_wconf 85' lang='lat' dir='ltr'>Thus</span> <span class='ocrx_word' id='word_1_363' title='bbox 743 4014 838 4063; x_wconf 85' lang='lat' dir='ltr'>dictum</span> <span class='ocrx_word' id='word_1_364' title='bbox 863 4020 900 4063; x_wconf 85' lang='lat' dir='ltr'>est</span> <span class='ocrx_word' id='word_1_365' title='bbox 904 4051 963 4063; x_wconf 80' lang='grc'><strong><em>......</em></strong></span> <span class='ocrx_word' id='word_1_366' title='bbox 967 4023 994 4063; x_wconf 92' lang='lat' dir='ltr'>ut</span> <span class='ocrx_word' id='word_1_367' title='bbox 1017 4013 1193 4079; x_wconf 85' lang='lat' dir='ltr'>intellegantur</span> <span class='ocrx_word' id='word_1_368' title='bbox 1219 4032 1322 4069; x_wconf 88' lang='lat' dir='ltr'>omnes</span> 
     </span>
     <span class='ocr_line' id='line_1_37' title="bbox 111 4093 1321 4163; baseline -0.001 -15"><span class='ocrx_word' id='word_1_369' title='bbox 111 4099 181 4148; x_wconf 83' lang='lat' dir='ltr'>Tert.</span> <span class='ocrx_word' id='word_1_370' title='bbox 207 4099 249 4159; x_wconf 78' lang='lat' dir='ltr'>(dc</span> <span class='ocrx_word' id='word_1_371' title='bbox 269 4105 335 4147; x_wconf 79' lang='lat' dir='ltr'>orat.</span> <span class='ocrx_word' id='word_1_372' title='bbox 358 4097 384 4162; x_wconf 83' lang='lat'>4)</span> <span class='ocrx_word' id='word_1_373' title='bbox 405 4115 479 4163; x_wconf 83' lang='lat' dir='ltr'>says:</span> <span class='ocrx_word' id='word_1_374' title='bbox 509 4101 631 4150; x_wconf 77' lang='lat' dir='ltr'>“summa</span> <span class='ocrx_word' id='word_1_375' title='bbox 658 4109 695 4151; x_wconf 72' lang='lat' dir='ltr'>est</span> <span class='ocrx_word' id='word_1_376' title='bbox 743 4093 978 4159; x_wconf 84' lang='lat' dir='ltr'>praedestinati,</span> <span class='ocrx_word' id='word_1_377' title='bbox 1012 4094 1085 4160; x_wconf 87' lang='lat' dir='ltr'>quia</span> <span class='ocrx_word' id='word_1_378' title='bbox 1111 4110 1196 4145; x_wconf 88' lang='lat' dir='ltr'>omne</span> <span class='ocrx_word' id='word_1_379' title='bbox 1228 4112 1321 4160; x_wconf 87' lang='lat' dir='ltr'>genus</span> 
     </span>
     <span class='ocr_line' id='line_1_38' title="bbox 110 4175 1321 4247; baseline 0.001 -17"><span class='ocrx_word' id='word_1_380' title='bbox 110 4180 249 4230; x_wconf 85' lang='lat' dir='ltr'>uoluntatis</span> <span class='ocrx_word' id='word_1_381' title='bbox 260 4180 315 4230; x_wconf 86' lang='lat' dir='ltr'>eius</span> <span class='ocrx_word' id='word_1_382' title='bbox 326 4180 392 4230; x_wconf 87' lang='lat' dir='ltr'>salus</span> <span class='ocrx_word' id='word_1_383' title='bbox 403 4197 502 4230; x_wconf 88' lang='lat' dir='ltr'>eorum</span> <span class='ocrx_word' id='word_1_384' title='bbox 514 4198 589 4246; x_wconf 89' lang='lat' dir='ltr'>quos</span> <span class='ocrx_word' id='word_1_385' title='bbox 606 4182 695 4247; x_wconf 89' lang='lat' dir='ltr'>adop·</span> <span class='ocrx_word' id='word_1_386' title='bbox 742 4176 894 4226; x_wconf 88' lang='lat' dir='ltr'>hominum</span> <span class='ocrx_word' id='word_1_387' title='bbox 916 4175 1006 4226; x_wconf 86' lang='lat' dir='ltr'>ineis</span> <span class='ocrx_word' id='word_1_388' title='bbox 1024 4175 1096 4227; x_wconf 87' lang='lat' dir='ltr'>est.”</span> <span class='ocrx_word' id='word_1_389' title='bbox 1128 4178 1235 4242; x_wconf 82' lang='lat' dir='ltr'>Agninst</span> <span class='ocrx_word' id='word_1_390' title='bbox 1251 4179 1321 4231; x_wconf 85' lang='lat' dir='ltr'>these</span> 
     </span>
     <span class='ocr_line' id='line_1_39' title="bbox 110 4257 1321 4329; baseline -0.002 -16"><span class='ocrx_word' id='word_1_391' title='bbox 110 4261 209 4314; x_wconf 82' lang='lat' dir='ltr'>tanit&#39;’</span> <span class='ocrx_word' id='word_1_392' title='bbox 221 4262 273 4325; x_wconf 75' lang='grc' dir='ltr'><strong>(1ο.</strong></span> <span class='ocrx_word' id='word_1_393' title='bbox 287 4261 318 4310; x_wconf 85' lang='lat' dir='ltr'>of</span> <span class='ocrx_word' id='word_1_394' title='bbox 325 4262 368 4312; x_wconf 81' lang='lat' dir='ltr'>the</span> <span class='ocrx_word' id='word_1_395' title='bbox 379 4262 514 4326; x_wconf 84' lang='lat' dir='ltr'>baptized).</span> <span class='ocrx_word' id='word_1_396' title='bbox 539 4263 658 4313; x_wconf 87' lang='lat' dir='ltr'>Paulinus</span> <span class='ocrx_word' id='word_1_397' title='bbox 669 4263 699 4313; x_wconf 80' lang='lat' dir='ltr'>oi</span> <span class='ocrx_word' id='word_1_398' title='bbox 742 4259 826 4309; x_wconf 80' lang='lat' dir='ltr'>efforts</span> <span class='ocrx_word' id='word_1_399' title='bbox 838 4268 864 4309; x_wconf 91' lang='lat' dir='ltr'>to</span> <span class='ocrx_word' id='word_1_400' title='bbox 875 4274 964 4323; x_wconf 85' lang='lat' dir='ltr'>escape</span> <span class='ocrx_word' id='word_1_401' title='bbox 975 4257 1039 4307; x_wconf 79' lang='lat' dir='ltr'>from</span> <span class='ocrx_word' id='word_1_402' title='bbox 1052 4259 1095 4309; x_wconf 84' lang='lat' dir='ltr'>the</span> <span class='ocrx_word' id='word_1_403' title='bbox 1110 4259 1192 4310; x_wconf 83' lang='lat' dir='ltr'>literal</span> <span class='ocrx_word' id='word_1_404' title='bbox 1204 4262 1321 4329; x_wconf 85' lang='lat' dir='ltr'>meaning</span> 
     </span>
     <span class='ocr_line' id='line_1_40' title="bbox 111 4340 1320 4407; baseline 0.003 -16"><span class='ocrx_word' id='word_1_405' title='bbox 111 4342 179 4391; x_wconf 84' lang='lat' dir='ltr'>Nola</span> <span class='ocrx_word' id='word_1_406' title='bbox 204 4341 250 4405; x_wconf 81' lang='lat' dir='ltr'>(cp.</span> <span class='ocrx_word' id='word_1_407' title='bbox 279 4344 319 4397; x_wconf 81' lang='lat' dir='ltr'>al:</span> <span class='ocrx_word' id='word_1_408' title='bbox 343 4341 476 4391; x_wconf 86' lang='lat' dir='ltr'>“omnium</span> <span class='ocrx_word' id='word_1_409' title='bbox 497 4351 642 4407; x_wconf 87' lang='lat' dir='ltr'>quantum</span> <span class='ocrx_word' id='word_1_410' title='bbox 664 4342 695 4391; x_wconf 89' lang='lat' dir='ltr'>in</span> <span class='ocrx_word' id='word_1_411' title='bbox 742 4340 772 4388; x_wconf 85' lang='lat' dir='ltr'>ol</span> <span class='ocrx_word' id='word_1_412' title='bbox 796 4341 838 4391; x_wconf 88' lang='lat' dir='ltr'>the</span> <span class='ocrx_word' id='word_1_413' title='bbox 863 4347 915 4390; x_wconf 83' lang='lat' dir='ltr'>text</span> <span class='ocrx_word' id='word_1_414' title='bbox 939 4340 988 4389; x_wconf 88' lang='lat' dir='ltr'>Th.</span> <span class='ocrx_word' id='word_1_415' title='bbox 1012 4340 1123 4405; x_wconf 80' lang='lat' dir='ltr'>perhaps</span> <span class='ocrx_word' id='word_1_416' title='bbox 1147 4341 1268 4393; x_wconf 87' lang='lat' dir='ltr'>intended</span> <span class='ocrx_word' id='word_1_417' title='bbox 1293 4353 1320 4395; x_wconf 89' lang='grc' dir='ltr'>1ο</span> 
     </span>
     <span class='ocr_line' id='line_1_41' title="bbox 109 4422 846 4488; baseline -0.004 -14"><span class='ocrx_word' id='word_1_418' title='bbox 109 4424 177 4488; x_wconf 86' lang='lat' dir='ltr'>ipso</span> <span class='ocrx_word' id='word_1_419' title='bbox 199 4431 246 4474; x_wconf 83' lang='lat' dir='ltr'>est</span> <span class='ocrx_word' id='word_1_420' title='bbox 270 4422 400 4473; x_wconf 86' lang='lat' dir='ltr'>hominem</span> <span class='ocrx_word' id='word_1_421' title='bbox 420 4424 518 4473; x_wconf 83' lang='lat' dir='ltr'>saluum</span> <span class='ocrx_word' id='word_1_422' title='bbox 540 4423 593 4473; x_wconf 88' lang='lat' dir='ltr'>fieri</span> <span class='ocrx_word' id='word_1_423' title='bbox 615 4422 695 4473; x_wconf 84' lang='lat' dir='ltr'>uult.‘’</span> <span class='ocrx_word' id='word_1_424' title='bbox 741 4430 846 4488; x_wconf 88' lang='lat' dir='ltr'>protest.</span> 
     </span>
    </p>

    <p class='ocr_par' dir='ltr' id='par_1_12' title="bbox 108 4502 691 4567">
     <span class='ocr_line' id='line_1_42' title="bbox 108 4502 691 4567; baseline -0.005 -13"><span class='ocrx_word' id='word_1_425' title='bbox 108 4505 240 4555; x_wconf 79' lang='lat' dir='ltr'>Ambrstr.</span> <span class='ocrx_word' id='word_1_426' title='bbox 265 4503 303 4551; x_wconf 82' lang='lat' dir='ltr'>ad</span> <span class='ocrx_word' id='word_1_427' title='bbox 321 4502 347 4551; x_wconf 74' lang='lat' dir='ltr'>k.</span> <span class='ocrx_word' id='word_1_428' title='bbox 369 4503 407 4553; x_wconf 84' lang='lat' dir='ltr'>l.=</span> <span class='ocrx_word' id='word_1_429' title='bbox 435 4502 478 4553; x_wconf 85' lang='lat' dir='ltr'>“si</span> <span class='ocrx_word' id='word_1_430' title='bbox 504 4504 574 4553; x_wconf 87' lang='lat' dir='ltr'>Deus</span> <span class='ocrx_word' id='word_1_431' title='bbox 597 4502 691 4567; x_wconf 85' lang='lat' dir='ltr'>utique,</span> 
     </span>
    </p>
   </div>
   <div class='ocr_carea' id='block_1_10' title="bbox 0 0 1576 5100">
    <p class='ocr_par' dir='ltr' id='par_1_13' title="bbox 0 0 1576 5100">
     <span class='ocr_line' id='line_1_43' title="bbox 0 0 1576 5100; baseline 0 3"><span class='ocrx_word' id='word_1_432' title='bbox 0 0 1576 5100; x_wconf 95' lang='lat' dir='ltr'> </span> 
     </span>
    </p>
   </div>
  </div>
 </body>
</html>
