3142 5100
144 381 148 384 ⁴
254 406 296 471 30
586 398 815 453 runouonus
839 398 1132 453 norsunsrnnus
1256 385 1328 469 [IV.
1348 388 1395 463 16,
1415 398 1466 464 17.

247 584 405 669 primum,
422 583 535 648 deiude
555 604 613 648 nos
633 584 692 667 qui
712 583 866 660 uiuimus,
889 582 949 665 qui
968 582 1254 665 subrelinquimur,
1269 581 1374 647 simul
1390 603 1468 646 crem

254 688 323 752 iun
344 688 514 771 rapiemur
534 687 570 752 iu
592 686 730 751 nubibus
750 686 788 752 iu
804 686 935 751 obuium
958 687 994 751 iu
1016 708 1130 765 aerem,
1145 697 1179 752 et
1195 685 1244 751 sic
1255 698 1378 770 semper
1389 709 1468 751 cum

253 790 396 854 Domino
409 792 540 879 erimus.

319 924 484 982 ‘mortuos
500 919 534 983 in
551 916 701 983 Christo'
716 917 791 982 illos
802 919 883 983 dicit
897 918 953 1001 qui
969 927 1003 983 et
1017 917 1229 982 crediderunt
1241 917 1274 981 in
1292 918 1463 984 Christum

222 1034 238 1102 5
256 1030 289 1085 et
309 1042 370 1104 pro
393 1020 527 1086 Christo
549 1021 670 1085 mortui
687 1030 784 1100 sunt;
806 1041 891 1103 quos
910 1041 1080 1104 resurgere
1102 1021 1192 1085 dixit
1214 1023 1348 1106 primos,
1365 1023 1465 1087 sicuti

256 1135 290 1189 et
317 1124 497 1189 Corinthiis
523 1124 670 1187 scribens
695 1124 802 1188 dixit:
825 1124 999 1207 primitiae
1024 1123 1183 1201 Christus,
1208 1125 1323 1189 deiude
1346 1126 1385 1190 lu'
1406 1128 1469 1210 qui

254 1239 333 1291 sunt
348 1226 481 1304 Christi,
495 1227 554 1309 qui
566 1227 742 1291 aduentum
756 1227 827 1290 eius
839 1226 1069 1303 credideram·
1085 1227 1298 1312 deindefimlr.
1342 1228 1467 1292 ueloci-

254 1339 361 1395 tatem
390 1344 470 1395 uero
499 1331 745 1395 resurrectionis
775 1332 923 1395 ostendit
953 1332 1125 1395 euidenter
1162 1332 1196 1394 in
1231 1332 1287 1395 illa
1317 1332 1465 1415 epistola

255 1434 390 1498 dicens:
412 1432 448 1496 iu
466 1443 629 1507 momento,
646 1433 682 1496 iu
704 1433 769 1497 ictu
788 1433 878 1510 oculi,
898 1433 934 1496 iu
949 1433 1128 1496 nouissima
1147 1432 1225 1496 tuba
1232 1456 1249 1509 ,·
1273 1432 1468 1499 tubicinabit

203 1557 242 1603 10
254 1536 348 1613 enim,
372 1546 404 1599 et
426 1537 549 1600 mortui
570 1546 739 1620 resurgent
761 1536 941 1618 incorrupti
960 1547 1070 1600 etuas
1091 1536 1349 1601 immutabimur.
1398 1537 1466 1601 hoc

256 1657 335 1718 ergo
361 1646 396 1699 et
417 1634 480 1699 hoc
503 1638 537 1699 in
560 1637 635 1700 loco
650 1638 739 1714 dicit,
762 1639 923 1718 quoniam
939 1640 1121 1703 descendet
1143 1640 1280 1722 quidem
1303 1640 1347 1704 de
1369 1640 1465 1703 caelo

257 1735 408 1800 Christus
443 1757 519 1801 cum
549 1738 630 1802 tuba
665 1739 811 1815 terribili,
846 1747 881 1802 et
918 1760 1000 1803 uoce
1037 1741 1184 1822 quadam
1223 1760 1347 1823 magna
1384 1753 1466 1804 tunc

207 1916 212 1926 ¹
255 1849 490 1922 perstrepente,
538 1843 719 1905 secundum
769 1841 919 1905 diuinam
969 1843 1242 1925 inoperationem,
1278 1853 1316 1907 ut
1362 1843 1465 1906 moris

256 1956 317 2009 est.
370 1946 524 2009 ‘tubam'
548 1956 719 2028 nuncupat
744 1945 981 2028 archangelum
1011 1947 1273 2028 praecipientem
1297 1947 1465 2023 omnibus,

152 2072 158 2083 ·
204 2064 239 2129 15
255 2048 415 2132 ‘surgite'
461 2050 624 2113 ‘iussum'
656 2070 734 2113 uero
773 2061 873 2114 uocat
911 2069 1028 2113 uocem
1070 2050 1219 2113 eiusdem
1259 2048 1462 2134 archangeli,

256 2154 334 2236 quia
357 2154 447 2216 dicet
470 2150 629 2235 ‘surgite'
675 2152 727 2216 his
752 2163 865 2216 autem
889 2154 936 2217 ita
962 2154 1088 2217 effectis
1112 2154 1225 2218 omnia
1252 2163 1348 2217 erunt
1372 2174 1464 2218 com-

255 2260 424 2342 pendiosa,
452 2258 499 2321 ita
528 2267 566 2321 ut
598 2257 644 2319 illi
676 2258 733 2339 qui
762 2278 823 2340 pro
854 2256 920 2321 fide
944 2258 1066 2321 mortui
1090 2267 1168 2321 sunt
1193 2258 1319 2340 priores
1343 2260 1464 2321 ceteris

255 2370 437 2444 resurgant,
453 2368 486 2423 et
502 2380 578 2423 cum
594 2360 658 2424 illis
674 2358 828 2425 fidelibus
843 2362 899 2443 qui
916 2372 996 2424 tunc
1018 2361 1050 2424 in
1072 2361 1143 2424 uita
1162 2360 1226 2424 hac
1248 2361 1465 2425 inueniuntur

256 2486 355 2547 super
369 2465 474 2528 nubes
489 2464 584 2547 quasi
600 2465 803 2547 quibusdam
824 2463 983 2528 uehiculis
1000 2466 1086 2547 rapti
1108 2467 1273 2529 ducantur
1297 2464 1331 2527 in
1353 2471 1465 2528 ae'rem
1538 2450 1544 2463 ¹

201 2585 244 2633 20
256 2568 390 2632 obuiam
421 2567 569 2644 Domini,
600 2568 646 2631 ita
676 2577 713 2631 ut
742 2568 810 2632 sint
839 2588 970 2651 semper
1007 2587 1082 2633 cum
1114 2568 1271 2632 Domino,
1316 2567 1464 2632 ualidam

305 2742 319 2776 α
337 2725 364 2774 in
375 2724 429 2788 (bes
433 2723 502 2788 obn.)
514 2739 553 2773 om
567 2723 673 2787 Chore)
684 2741 701 2773 r
781 2745 797 2787 4
815 2724 916 2774 Christo
928 2725 936 2783 (
938 2724 985 2788 sor
995 2723 1133 2782 Christum)
1146 2724 1180 2773 H
1182 2740 1198 2771 r
1280 2735 1294 2785 5
1311 2722 1375 2772 dixit
1385 2739 1425 2772 om
1436 2725 1470 2772 H

258 2824 270 2875 7
289 2811 315 2861 in
327 2810 452 2875 (befadu.)
464 2808 517 2857 add
523 2808 558 2855 H
710 2822 727 2874 9
752 2813 879 2855 memento
894 2803 946 2870 (sic)
957 2807 992 2854 H
1002 2803 1007 2870 Ι
1020 2805 1081 2854 tuba
1096 2814 1169 2854 canet
1180 2820 1203 2853 e.
1218 2803 1323 2866 C(corr)
1356 2805 1424 2854 canit
1442 2821 1466 2854 e.

256 2893 317 2942 tuba
331 2907 347 2938 r
446 2906 473 2940 11
491 2897 566 2939 etum
580 2885 686 2952 Cleon)
700 2887 704 2951 Ι
719 2888 876 2938 descendite·
975 2904 1004 2951 14
1022 2888 1201 2954 percipientem
1212 2896 1237 2938 et
1249 2889 1302 2952 (bes
1304 2889 1468 2954 praec-ludet

258 2973 320 3023 CH
340 2971 504 3036 percipientes
515 2976 569 3018 etr
667 2967 696 3019 16
712 2968 808 3019 affectis
821 2968 906 3018 C’H
912 2986 928 3017 r
1025 2983 1058 3017 no
1074 2969 1186 3018 Domino
1199 2969 1257 3033 (sor
1267 2969 1382 3029 Domini)
1395 2985 1411 3017 r

287 3110 311 3162 6.
340 3107 577 3176 primitiae...finis]
608 3122 618 3156 r
642 3108 701 3159 Cor.
724 3124 765 3157 xv.
791 3123 831 3172 23,
885 3107 960 3158 latter
978 3109 1021 3157 the
1038 3107 1171 3157 command
1188 3106 1218 3157 of
1235 3107 1319 3158 Christ
1338 3114 1364 3158 at
1381 3109 1467 3160 which

255 3194 316 3243 with
336 3193 379 3242 the
397 3190 554 3240 remarkable
570 3190 637 3254 gloss
654 3189 731 3238 found
746 3189 773 3238 in
792 3196 835 3246 the
887 3188 931 3237 the
942 3187 1019 3237 Arch.
1034 3187 1086 3236 will
1102 3187 1190 3250 speak.
1218 3187 1296 3237 Thdt.
1311 3188 1467 3240 endeavours

256 3277 308 3326 Gk.
320 3275 350 3324 os
356 3275 386 3332 F,
402 3274 467 3333 G(0t
481 3275 508 3321 ἐν
524 3270 558 3333 τῇ
573 3273 693 3333 παρουσίᾳ
705 3274 778 3321 αὑτοῦ
794 3268 834 3314 ih·
887 3276 913 3316 to
931 3268 1047 3317 combine
1069 3268 1139 3317 these
1161 3268 1254 3317 vicus:
1281 3270 1463 3328 κελευόμενος...

257 3356 380 3418 ricemer)
396 3355 446 3404 and
463 3353 580 3403 reflected
597 3353 624 3402 in
645 3352 689 3401 the
711 3351 785 3401 Latin
808 3350 838 3400 oi
887 3344 1094 3410 rcpuxehrioerat
1104 3350 1154 3398 τοῖς
1164 3350 1252 3410 νεκροῖς
1260 3345 1401 3408 ἀναστῆναι.

258 3437 322 3498 nit,
336 3437 425 3493 Ambe
440 3435 575 3490 Ambrstr.‚
588 3432 710 3498 Pelagius,
730 3433 781 3482 and
799 3432 833 3495 by
919 3431 932 3479 Ι
944 3431 1008 3479 have
1019 3431 1138 3480 ventured
1151 3437 1177 3479 to
1188 3430 1251 3480 omit
1262 3430 1306 3479 the
1317 3431 1400 3480 words
1409 3438 1464 3495 pem

257 3519 321 3569 Cod.
335 3517 407 3566 Fuld.
420 3517 469 3566 and
485 3516 528 3564 the
543 3514 700 3564 Clementiae
714 3514 832 3578 Vulgate.
886 3511 1010 3576 opimum
1021 3517 1044 3560 et
1053 3512 1104 3571 (see
1115 3528 1155 3560 vv.
1170 3510 1215 3574 lt).
1238 3512 1333 3575 Perup.
1345 3511 1390 3560 has
1401 3512 1465 3562 been

289 3614 312 3666 p
348 3599 376 3648 in
385 3595 736 3657 momento...tmmutattmur]
751 3595 831 3644 1Cor.
886 3591 938 3641 first
949 3591 1049 3641 written
1060 3592 1297 3656 iorpraecrpientem,
1305 3591 1365 3641 then
1376 3592 1465 3656 placed

255 3698 295 3731 xv.
310 3693 348 3743 52,
370 3682 397 3728 in
417 3677 460 3728 the
476 3677 540 3726 loun
555 3677 686 3742 presented
705 3677 739 3741 by
757 3677 790 3727 0.
801 3676 831 3725 L.
885 3673 913 3723 in
935 3672 978 3721 the
1000 3679 1052 3723 text
1073 3672 1128 3722 side
1143 3672 1178 3736 by
1195 3673 1249 3722 side
1270 3671 1331 3721 with
1351 3672 1394 3722 the
1412 3679 1466 3722 true

255 3764 306 3813 and
318 3762 405 3826 Vulg.‚
417 3766 505 3824 except
517 3758 571 3808 that
582 3757 620 3807 ior
636 3759 735 3807 “canet
749 3758 810 3806 tuba
818 3755 833 3778 ''
886 3752 997 3818 reading,
1013 3754 1063 3804 and
1076 3753 1162 3818 finally
1172 3754 1310 3804 connected
1322 3754 1383 3803 with
1397 3755 1417 3803 it
1432 3755 1466 3819 by

256 3860 302 3894 our
313 3842 446 3893 translator
455 3841 502 3890 has
512 3840 574 3889 used
591 3839 634 3889 the
649 3855 704 3888 rare
717 3840 768 3888 and
782 3840 834 3888 late
886 3836 1011 3900 acopula.
1039 3836 1128 3901 Jacobi
1140 3835 1466 3901 prints“praecedentem'’

256 3921 564 3990 compoundtubicinabit.
591 3919 632 3970 Ci.
642 3921 747 3984 Dionys.
758 3920 833 3984 Exig.
885 3916 925 3966 ior
929 3917 1048 3981 praetip..
1060 3916 1189 3980 following
1201 3917 1267 3965 Rab.
1280 3916 1329 3981 (ed.
1341 3918 1449 3981 Mignel.

253 4013 365 4071 creatp
922 4014 959 4062 15.
998 3999 1125 4056 ‘iturum'
1140 3998 1199 4060 dre]
1224 3999 1370 4050 Ianirane:
1390 4002 1465 4051 “ius-

290 4106 329 4151 ¹4·
372 4084 564 4151 praecipientem
590 4099 666 4144 cmm,
697 4081 833 4146 ‘surgite'J
886 4097 942 4130 sum
958 4080 998 4130 uel
1015 4080 1103 4130 tubam
1122 4089 1196 4131 uocat
1214 4097 1304 4131 uocem
1323 4082 1466 4147 archangeli

257 4170 360 4234 Chrys:
377 4169 401 4216 ri
413 4168 439 4216 δὲ
449 4165 564 4230 βούλεται
576 4161 591 4225 ἡ
603 4168 672 4227 φωνὴ
682 4165 726 4213 τοῦ
736 4161 832 4226 ἀρχαγ-
885 4163 929 4230 qui
940 4165 1006 4214 dicet
1020 4164 1144 4229 ‘surgite'
1152 4163 1167 4188 '’
1424 4172 1429 4177 “

255 4256 344 4315 γέλους
362 4252 472 4313 καθάπερ
482 4252 524 4298 ἐπὶ
538 4246 586 4298 τῶν
600 4249 724 4311 παρθένων
737 4248 831 4306 ἔλεγεν·
921 4259 958 4309 17.
983 4246 1029 4310 qui
1030 4254 1079 4310 pro
1079 4246 1134 4311 fide
1143 4262 1176 4294 m.
1185 4246 1218 4308 n]
1230 4245 1355 4311 Cimpra
1365 4248 1466 4310 l.4sq.:

253 4335 385 4399 ἐγείρεσθε,
399 4329 614 4392 ἦλθενόνυμφίος.
642 4330 693 4378 Th.
708 4327 832 4378 identifics
884 4328 1006 4391 qui...pm
1019 4327 1226 4377 Christomortui
1239 4335 1307 4376 sunt.
1333 4329 1426 4379 ‘Thdt.
1444 4330 1466 4379 is

255 4417 297 4465 the
309 4411 473 4477 Archangel’s
484 4411 555 4461 voice
572 4410 633 4459 with
650 4409 693 4459 the
710 4410 832 4469 κέλευσμα
885 4423 955 4481 more
964 4408 1098 4458 inclusive:
1114 4410 1257 4471 οἶεὺσεβείᾳ
1272 4411 1465 4472 naumurum

254 4497 374 4561 (iussus);
409 4495 498 4559 Chrys.
526 4495 692 4544 understands
727 4495 762 4555 by
789 4493 832 4542 the
886 4487 975 4554 πρῶτοι
986 4492 1029 4550 τῆς
1041 4492 1195 4542 ἀναστάσεως
1206 4494 1395 4544 declamemus.
