3142 5100
128 441 353 493 FRAGMENTS
376 443 421 493 OF
444 442 521 492 THE
544 441 739 493 DOGMATIC
764 441 897 493 WORKS
922 442 968 492 OF
991 438 1207 491 THEODORE.
1242 439 1302 504 303

613 682 703 741 Boou
725 697 781 739 xu.

398 831 421 872 1.
465 806 583 892 [Leont.
607 812 655 871 dc.
681 810 724 889 (tx
745 812 796 869 τοῦ
818 806 861 885 ιβ’
881 806 1006 890 λόγου)].

157 945 214 1005 Διοὶ
229 949 314 1008 τοῦτο
328 945 380 1006 ουίι
400 945 476 1007 εἶπεν
490 940 641 1005 ἑλίλυεευ
665 938 738 1004 riuiu
763 940 799 1005 ὲυ
821 948 862 1025 τῷ
881 937 971 1024 ridi,
992 941 1070 1018 ἀλλ’,
1090 938 1125 1003 e'u
1150 936 1214 1026 γῑῴ,
1233 937 1250 999 ὅ
1272 940 1306 1019 δὴ

102 1042 145 1101 καὶ
158 1044 313 1124 λεγόμενον
326 1043 472 1107 ἅπολύτως
484 1040 634 1121 ἀμφότερα
649 1040 720 1101 nard
736 1040 839 1102 ταῦτόν
857 1041 1004 1119 σημαίνειν
1017 1039 1145 1119 ἠδύνατο
1166 1038 1306 1119 πρωτοτό-

100 1167 155 1204 vos
174 1144 230 1218 μὲν
253 1146 391 1219 σημαῖνον
412 1139 460 1200 τᾶν
481 1138 619 1216 α’ληθινὸν
640 1137 709 1199 υἱόν·
739 1137 833 1215 ἅληθῆ
851 1139 882 1199 δὲ
899 1138 961 1198 υίὸν
982 1138 1056 1220 λέγω
1074 1137 1125 1201 adv
1142 1141 1178 1217 τῇ
1197 1141 1308 1216 φυσικῇ

98 1238 230 1317 γεννήσει
247 1240 300 1318 την
318 1239 433 1315 υἶότηνιι
451 1241 630 1316 κεκτημένον·
650 1239 790 1315 ε’πομὲνωε
804 1238 835 1298 δὲ
847 1237 1104 1318 συνεπιδεχόμενον
1122 1241 1158 1318 τῇ
1174 1237 1307 1315 σημοσίμ

101 1335 206 1397 καὶτὸν
220 1338 294 1399 κατὰ
306 1335 443 1414 ἀλήθειαν
455 1343 506 1413 τῆς
519 1333 597 1409 (ἰξίας
608 1336 763 1417 μετέχοντα
776 1342 814 1415 τῇ
826 1335 898 1415 πριίς
911 1334 996 1398 οὔτᾶν
1010 1334 1114 1396 ἑνοίσει
1341 1349 1357 1408 5

101 1546 124 1585 2.
167 1523 289 1608 [Leonn
311 1527 366 1587 La
391 1527 435 1606 (ἐκ
448 1528 498 1585 τοῦ
511 1525 596 1585 αὑτοῦ
611 1526 721 1606 λόγου).
763 1529 830 1587 Act
847 1528 942 1588 Conc.
958 1528 1019 1588 CP.
1036 1525 1064 1585 ii
1083 1543 1122 1584 rv.
1140 1527 1179 1599 46
1195 1525 1308 1606 (“eius·

176 1625 248 1683 dem
273 1643 309 1684 ex
332 1622 575 1701 interpretatione
597 1643 645 1701 ep.
667 1625 708 1683 ad
733 1622 943 1699 Hebraeos'’);
972 1625 1007 1683 ib.
1025 1641 1052 1683 v.
1077 1623 1108 1699 (“
1116 1642 1153 1683 ex
1173 1623 1307 1684 secundo

176 1722 255 1781 libro
270 1720 371 1798 Cyrilii
385 1720 603 1793 Theodorus'').
645 1718 712 1797 Vig.
730 1718 792 1800 47].

129 1850 207 1929 ’λρο
232 1852 390 1912 παύσονται
413 1850 516 1911 λοιπον
535 1858 587 1928 τῆς
606 1849 679 1912 duar-
768 1854 848 1928 Ergo
870 1850 929 1911 iarn
957 1851 1118 1911 cessabunt
1145 1852 1184 1911 ab
1212 1849 1308 1928 impu-

100 1951 222 2029 σχίντον
234 1949 338 2030 μάχης,
350 1947 563 2027 ἀποστήσονται
578 1950 607 2010 δὲ
621 1954 679 2009 λοι·
727 1948 818 2007 dente
830 1949 948 2026 pugna?
967 1946 1109 2008 desistent
1120 1957 1220 2008 autern
1231 1967 1310 2008 uana

100 2047 154 2109 τᾶν
178 2052 230 2124 τῆς
253 2048 374 2125 ματαίας
401 2048 585 2123 φιλονεικίας,
609 2046 680 2106 οῖδε-
727 2043 930 2120 contentione,
958 2045 1166 2105 erubescentes
1191 2043 1311 2104 euiden-

101 2142 215 2204 σθέντες
231 2147 289 2201 τῶν
304 2140 455 2220 εἰρημένων
473 2141 506 2201 τὰ
520 2139 679 2218 προφονές;
727 2139 800 2200 tiam
837 2141 1009 2201 dictorum?
1044 2142 1192 2217 plurimos
1227 2140 1307 2201 enim

102 2235 237 2307 πολλοῨο
250 2238 316 2321 γάρ,
328 2238 425 2315 φησίν,
439 2230 520 2307 γῖοίε
533 2230 574 2297 εἰς
584 2236 677 2296 -λόΞιΝ
729 2236 802 2297 dicit
821 2238 903 2314 filios
935 2240 965 2296 in
995 2239 1121 2314 glorium
1156 2239 1306 2297 ducentem.
1325 2256 1362 2296 10

100 2331 282 2404 ἇτιτόιιτλῒ.
327 2328 387 2389 ἴδοι)
411 2329 503 2388 τοίνυν
525 2331 555 2387 ἐν
571 2333 610 2407 τῷ
630 2334 681 2404 τῆς
729 2354 799 2394 ecce
815 2333 903 2412 igitur
916 2334 947 2393 in
958 2334 1073 2396 ratione
1082 2334 1232 2395 filiationis
1241 2354 1310 2412 apo

84 2426 227 2501 *dirum
247 2425 326 2510 λόγῳ
347 2427 393 2486 καὶ
413 2424 682 2506 πγκατατᾶττωνό
730 2434 823 2492 stolus
851 2433 975 2509 adparet
999 2433 1192 2513 adsumptum
1216 2433 1311 2493 homi-

99 2522 406 2600 ἅπόστολῡῖφαῖνῑτω
419 2521 468 2583 “3⁹
478 2520 681 2599 ἀναληφθέντα
730 2551 800 2591 nem
821 2532 926 2593 ceteris
945 2552 1175 2605 connumerans,
1190 2536 1252 2594 no'n
1268 2553 1311 2594 se-

99 2622 248 2700 ἅνθρινπον
266 2627 325 2686 τοῖς
344 2626 473 2684 πολλοῖς.
516 2620 550 2681 ori
570 2620 633 2684 καθ’
655 2621 681 2681 ὅ·
729 2628 861 2686 cundum
890 2629 971 2704 quod
1002 2629 1138 2690 similiter
1162 2629 1218 2689 illis
1240 2629 1311 2689 filia·

99 2722 219 2796 μοίοσιν
243 2722 358 2783 ἐκιίνοις
381 2724 431 2795 τῆς
453 2717 582 2795 υίότητος
603 2720 682 2796 μετέ·
729 2723 820 2784 tionis
834 2724 982 2802 particeps
1002 2736 1055 2798 est,
1071 2726 1124 2787 sed
1144 2727 1310 2787 secuudum
1327 2739 1362 2799 15

100 2846 165 2898 χον,
177 2820 260 2881 οἱλλοῖ
271 2820 332 2882 καθ’
341 2820 479 2896 ὁμοίωσιν
487 2819 680 2899 καθ’ὃχοίριτι
730 2822 814 2896 quod
849 2820 982 2881 similiter
1011 2821 1106 2898 gratia
1137 2821 1311 2884 filiationem

99 2919 299 2994 τροσείληφεν
314 2918 366 2994 τὴν
379 2917 505 2993 nidmu,
520 2925 571 2995 τῆς
588 2918 681 2995 θεότη
729 2919 906 2996 adsumpsit,
929 2918 1041 2980 deitate
1062 2923 1131 2981 sola<
1146 2922 1310 2983 naturalem

98 3039 146 3079 τος
157 3013 249 3092 μόνης
258 3013 680 3092 τῆνφυοικὴνυίότητακεκτη
729 3016 904 3076 filiationem
944 3016 1125 3094 possidente.
1195 3031 1310 3080 eertum

98 3113 193 3188 μένης.
235 3111 380 3190 πρόδηλον
396 3110 452 3193 γὰρ
469 3112 566 3185 ἐκεῖνο,
581 3110 617 3174 uie
630 3118 681 3188 τῆς
729 3113 811 3173 enim
843 3124 889 3174 est
923 3112 1006 3187 illud,
1045 3114 1128 3190 quod
1161 3114 1312 3178 filiationis

98 3206 228 3284 υίότητος
259 3206 335 3288 αὐτῷ
365 3206 443 3284 παρὰ
469 3205 534 3270 τούς
562 3207 681 3272 λοιτοιὶς
728 3210 823 3288 gloria
843 3222 961 3289 praeter
980 3223 1096 3273 eeteros
1115 3213 1252 3272 homines
1269 3212 1311 3272 in·
1326 3228 1363 3267 ιο

98 3304 263 3382 ἀνθρώπους
293 3305 453 3380 τροσέστιν
479 3302 513 3364 τὸ
541 3304 682 3378 ἐξαίρετον
730 3324 775 3373 εει
789 3310 816 3371 ei
831 3308 1221 3387 praecipue,perunitatem
1231 3330 1311 3387 quae

99 3401 229 3480 τῇτρὸς
251 3400 339 3465 αὐτὸν
360 3401 468 3462 ἐνόσει·
491 3399 557 3462 ὅθεν
578 3401 623 3460 καὶ
645 3407 682 3480 τῇ
730 3421 774 3468 est
789 3408 828 3467 ad
842 3406 934 3465 illum.
970 3407 1095 3468 undeet
1110 3406 1140 3466 in
1156 3405 1221 3485 ipsa
1234 3428 1311 3471 uooe

99 3503 149 3558 τοῦ
164 3502 229 3559 uio&
244 3504 326 3577 φωνῇ
342 3496 593 3574 συνεπινοούμενος
611 3522 681 3572 συμ·
730 3500 916 3580 significante
942 3502 1035 3563 filium
1064 3502 1198 3566 similiter
1221 3505 1310 3566 etiam

100 3595 365 3673 προλαμβάνεται.
405 3593 484 3653 ἀλλὰ
497 3597 681 3675 λογοποιοῦν
730 3598 780 3658 iile
808 3599 1078 3676 comprehenditur.
1121 3602 1174 3663 sed
1202 3621 1311 3665 sermo-

100 3718 146 3754 τοι
176 3691 249 3771 τρίς
281 3692 354 3770 ἡμᾶς
382 3691 427 3752 ὅτι
454 3695 478 3752 εί
507 3690 556 3752 δύο
585 3692 683 3752 τέλεια
730 3698 866 3759 cinantur
887 3698 927 3760 ad
945 3718 1019 3759 uos:
1041 3699 1080 3759 ‘si
1100 3701 1162 3760 duo
1180 3704 1311 3778 perfecta
1326 3716 1362 3777 ²5

100 3788 258 3868 φάσκομτν,
273 3792 383 3853 πάντως
397 3790 448 3851 δύο
463 3791 510 3851 καὶ
527 3789 591 3854 τούς
607 3790 682 3855 unus
730 3796 838 3869 dicitis,
855 3795 1032 3857 omnimodo
1047 3808 1077 3856 et
1095 3797 1157 3857 duo
1174 3798 1251 3858 filios
1269 3798 1312 3859 di·

100 3889 228 3965 ἐροῦμεν.
269 3886 337 3946 ἀλλ’
357 3886 416 3947 ἰδοιί
436 3888 483 3946 καὶ
500 3889 559 3951 υίὸς
575 3888 682 3964 εἴρηται
731 3895 852 3953 cemus!
886 3893 940 3952 sed
962 3911 1034 3952 ecee
1048 3903 1078 3952 et
1096 3892 1198 3952 ‘filius’
1213 3894 1311 3955 dictus

101 3988 132 4044 ἐν
143 3988 180 4064 τῇ
195 3985 257 4063 θείη
269 3988 378 4066 γραφῇ,
393 3985 453 4046 κατ’
467 3984 544 4062 αὐτό,
559 3989 610 4062 τῆς
624 3985 682 4048 θεί»
731 4000 776 4050 est
791 3987 822 4047 in
837 3987 939 4047 diuina
953 3986 1097 4063 scriptura
1107 4007 1160 4064 per
1171 3988 1310 4066 seipsum,

99 4109 185 4160 τητος
205 4082 421 4163 ιίτεξηρημένης,
435 4087 495 4146 τοῖς
509 4085 621 4147 λοιποῖς
637 4083 683 4142 οἶν·
732 4083 890 4144 diuinitate
907 4091 1040 4157 excepta,
1058 4081 1163 4141 ceteris
1186 4084 1312 4144 homini·

101 4179 225 4258 θρώποις
242 4180 474 4261 συντεταγμένος·
495 4179 542 4240 καὶ
559 4178 610 4240 mix
629 4178 684 4256 ἤδη
729 4182 786 4241 bus
820 4189 1061 4250 connumeratus
1090 4189 1120 4238 et
1155 4197 1217 4238 non
1251 4179 1310 4241 iarn
1325 4198 1365 4256 30

148 4327 165 4377 6
182 4330 315 4378 cessabunt
334 4328 383 4377 iam
398 4329 431 4392 C²
508 4341 522 4390 7
542 4345 602 4377 uero
621 4326 678 4391 (sor
698 4324 790 4388 autem)
806 4326 837 4388 C,
913 4339 929 4389 9
949 4324 1042 4373 multos
1060 4323 1117 4388 (μον
1133 4325 1264 4390 plurimos)
1278 4329 1310 4393 C²

103 4410 132 4461 16
149 4410 257 4476 gratiam
268 4411 407 4474 adsumpsit
419 4408 547 4460 filiationis
561 4411 594 4475 C,

395 4520 409 4546 ”
428 4521 562 4571 Heb.i.1.
822 4517 838 4568 't
857 4518 925 4568 Heb.
938 4517 965 4566 ii.
981 4532 1017 4566 ιο.
