3142 5100
264 282 326 345 166
593 296 822 347 rneooonus
846 297 1140 349 noesuesrsnus
1285 282 1455 367 [V.14,15.

329 470 455 533 nullam
470 469 660 534 occasionem
675 470 756 534 dare
767 470 960 535 aduersario
975 471 1210 536 makdz'ctionir
1219 471 1342 553 gratia.

330 617 417 675 ‘non
433 613 522 675 enim
538 612 617 677 uolo
633 613 705 676 illas
721 613 765 676 ob
788 613 879 677 illam
895 635 1029 678 causam
1051 615 1254 679 uiduitatem
1270 612 1454 688 simulantes,

262 721 380 795 postea
395 715 428 777 in
445 716 518 779 aliis
534 715 683 792 inueniri,
700 725 734 780 et
749 737 794 780 ex
810 715 874 780 hoc
888 719 968 781 dare
988 719 1198 781 occasionem
1215 718 1280 781 illis
1299 719 1354 801 qui
1373 717 1455 781 nobis

174 839 179 846 ·
262 820 422 900 derogare
439 829 620 901 properant
638 819 682 881 ob
705 818 797 882 illam
818 821 981 884 rationem
996 842 1064 904 qua
1084 821 1174 884 uitae
1193 832 1326 885 nostrae
1344 823 1455 887 nullum

231 922 412 998 sstudium
442 923 652 1000 adhibemus,
676 925 736 987 sed
763 927 875 1007 specie
905 935 1037 988 tantum
1070 926 1231 989 uirtutem
1263 946 1323 989 nos
1349 924 1454 1007 exequi

262 1025 479 1090 simulamus!
524 1037 558 1089 et
578 1037 614 1089 ut
631 1047 672 1090 ne
688 1027 845 1091 uideatur
860 1030 930 1112 ipse
946 1030 1136 1112 suspicione
1157 1030 1190 1092 id
1214 1030 1376 1112 colligere,
1388 1050 1456 1093 cau·

262 1150 336 1194 sam
352 1131 459 1214 ipsam
477 1132 574 1214 ponit
590 1141 624 1194 et
640 1130 741 1196 dicit:

327 1307 396 1372 anm
410 1307 496 1372 enim
511 1308 669 1391 quaedam
684 1329 852 1372 conuersae
866 1316 944 1373 sunt
959 1320 1035 1392 post
1050 1309 1216 1374 Satanan.

327 1457 374 1521 sic
400 1455 531 1519 uidetur
555 1455 665 1520 modis
688 1456 844 1519 omnibus
874 1454 947 1519 illas
974 1476 1061 1538 quae
1087 1477 1154 1521 non
1178 1458 1266 1521 bene
1290 1459 1457 1521 abutuntur

211 1579 251 1627 10
264 1564 370 1646 ipsam
401 1563 599 1627 uiduitatem
622 1562 802 1627 excludere
832 1561 876 1625 ab
899 1562 1014 1625 ordine
1037 1563 1224 1642 uiduarum,
1248 1585 1379 1628 omnem
1399 1563 1455 1626 dis-

262 1666 482 1731 simulationis
504 1667 713 1729 occasionem
736 1666 780 1728 ab
804 1667 875 1747 ipsa
898 1666 1049 1729 adimens
1075 1667 1288 1749 professione.
1333 1689 1404 1732 nam
1427 1676 1455 1730 et

263 1769 402 1832 ridiculo
417 1770 556 1852 dignum
574 1770 706 1833 uidetur
722 1768 782 1853 [in]
795 1769 1021 1852 uirginitatem
1038 1772 1192 1854 recipere,
1204 1773 1231 1836 si
1243 1775 1318 1855 quis
1329 1774 1454 1836 eandem

262 1873 408 1956 profiteri
431 1874 520 1950 uelit,
535 1875 621 1939 sicut
643 1884 695 1938 est
719 1875 752 1938 id
775 1876 961 1958 perspicere
983 1895 1028 1939 ex
1051 1878 1194 1959 epistola
1217 1877 1288 1941 eius
1309 1897 1404 1960 quam
1418 1875 1455 1938 ad

263 1978 452 2044 Corinthios
481 1980 650 2062 scripsisse
678 1981 821 2056 uidetur,
858 1978 931 2042 illas
961 2000 1041 2043 uero
1079 1979 1345 2046 adolescentulas
1380 1999 1455 2063 quae

211 2100 220 2145 ι
230 2096 246 2161 5
261 2085 339 2148 uiris
354 2093 431 2147 sunt
451 2084 603 2167 priuatae
623 2104 690 2147 non
713 2084 883 2166 recepisse,
901 2082 955 2167 [si]
978 2092 1092 2147 tamen
1115 2086 1316 2150 uiduitatem
1334 2095 1371 2149 ut
1388 2104 1456 2148 con-

201 2176 204 2180 ’
262 2187 354 2251 uenit
369 2189 502 2251 studere
517 2188 692 2253 noluerint.
738 2209 800 2252 nec
816 2199 928 2251 autem
950 2186 1026 2252 illae
1042 2210 1128 2272 quae
1149 2191 1371 2273 uirginitatem
1391 2210 1456 2272 pro

262 2290 398 2353 fitentur
412 2302 490 2372 post
504 2301 710 2355 senectutem
730 2291 816 2354 erint
837 2292 1064 2374 uirginitatem
1087 2293 1303 2375 professurae.
1331 2297 1455 2359 ‘iustum

261 2402 314 2459 est
328 2395 392 2457 hoc
415 2396 448 2456 in
471 2394 545 2458 loco
566 2415 750 2458 memorare
772 2393 904 2458 illorum
925 2394 982 2478 qui
1003 2416 1103 2458 omne
1125 2398 1276 2461 studium
1295 2399 1327 2461 in
1348 2421 1384 2463 eo
1403 2422 1455 2483 po

200 2566 203 2571 ⁴
262 2509 346 2564 nunt
370 2510 406 2564 ut
428 2521 448 2564 a
471 2500 596 2583 nuptiis
618 2500 811 2578 excludant,
827 2502 883 2583 qui
907 2510 942 2564 et
965 2499 1097 2565 diuersa
1119 2501 1228 2566 facere
1251 2514 1406 2569 conantur
1424 2512 1455 2567 ut

206 2621 249 2668 20
263 2602 391 2685 aliquos
412 2605 445 2667 in
464 2604 526 2668 hac
548 2606 752 2689 professione
772 2606 950 2670 adducant.
996 2627 1017 2670 a
1037 2606 1156 2689 quibus
1178 2610 1321 2690 negotiis
1339 2618 1456 2672 tantum

262 2708 395 2772 uidetur
410 2709 532 2773 Paulus
548 2711 681 2788 distare,
697 2720 734 2773 ut
755 2721 789 2773 et
808 2710 852 2773 ab
873 2711 946 2792 ipsa
966 2709 1171 2792 professione
1191 2711 1365 2793 prohibeat
1383 2720 1457 2775 tam-

313 2861 497 2910 rmaledictir
600 2860 859 2926 4quia(sorqua)r
967 2861 1121 2910 8conuersa
1132 2866 1169 2909 est
1184 2860 1245 2909 CH
1272 2876 1401 2911 conuersae
1410 2870 1458 2910 sunt

260 2951 326 2994 retro
338 2943 503 2994 Sathanamr
566 2951 701 3008 9utuntur
711 2943 766 3007 ipsa
777 2940 899 2990 uiduitate
913 2956 930 2989 r
995 2956 1025 2990 ιο
1041 2940 1129 2989 desim.
1144 2941 1319 2991 occansionem
1334 2942 1369 2991 C·
1434 2956 1457 2990 ιι

262 3028 311 3078 risu
322 3026 379 3092 (sen
388 3026 503 3088 ridiculo)
515 3042 530 3073 r
542 3025 546 3090 Ι
563 3025 588 3074 in
599 3042 638 3075 om
653 3025 718 3075 CH
723 3041 740 3073 r
753 3029 757 3087 Ι
771 3038 822 3088 qua
834 3022 892 3085 (sor
902 3020 967 3088 quis)
980 3023 1015 3072 H
1097 3038 1125 3085 13,
1143 3024 1259 3088 exempla
1272 3023 1330 3087 [sor
1339 3038 1368 3073 ex
1378 3022 1424 3088 ep.)
1434 3021 1462 3071 H

265 3126 293 3173 15
310 3119 395 3160 tamen
408 3109 454 3171 (ona
465 3109 496 3173 si)
511 3110 533 3158 C
542 3109 576 3159 H
599 3107 716 3159 tamensi
729 3123 745 3155 r
878 3105 906 3156 18
923 3105 993 3156 omni
1004 3106 1088 3156 studio
1098 3106 1133 3155 H
1260 3123 1288 3157 ar
1310 3106 1378 3156 Pauli
1388 3120 1458 3156 sermo

262 3192 319 3256 (sor
329 3192 431 3251 Paulus)
443 3206 459 3238 r

261 3340 318 3374 case
329 3324 359 3372 of
368 3325 444 3372 Anna
457 3324 494 3385 (S.
509 3323 581 3372 Luke
593 3322 618 3372 ii.
633 3319 672 3384 36,
687 3322 738 3385 37).
891 3315 1027 3382 virginity.'
1061 3318 1101 3367 On
1117 3317 1292 3365 erint=erunt
1310 3332 1351 3366 see
1367 3315 1455 3378 Bensly,

295 3423 318 3470 3.
353 3406 578 3470 diaspropcrant]
595 3404 727 3453 Lanfranc
890 3402 930 3450 M.
942 3402 973 3449 F.
983 3417 1025 3465 pp.
1040 3414 1077 3461 72,
1091 3401 1137 3459 78;
1156 3398 1268 3456 Rdnsch,
1280 3396 1368 3458 Itala²,
1378 3414 1402 3463 p.
1411 3410 1458 3461 5²¹·

293 3491 318 3537 8.
350 3488 558 3548 conuersaesunt]
581 3487 668 3551 Vulg„
683 3488 697 3512 ‘⁶
705 3499 841 3533 conuersae
927 3496 965 3546 17.
1000 3484 1093 3533 iustum
1103 3491 1145 3543 est,
1159 3484 1217 3546 dc]
1252 3483 1457 3534 Seeaboveonc

261 3570 417 3622 suntretro.”
444 3572 500 3622 The
512 3571 652 3635 readingof
655 3571 698 3620 the
706 3569 783 3618 MSS·
794 3568 839 3618 has
892 3566 925 3616 iv.
938 3582 1009 3629 1—3.
1042 3566 1114 3616 Th’s
1126 3569 1244 3632 repeated
1257 3576 1365 3632 protests
1375 3566 1459 3629 against

260 3667 354 3716 sprung
360 3652 423 3700 from
431 3650 473 3700 the
480 3650 672 3714 plural,written
678 3636 838 3699 conuersus).
890 3649 1074 3699 aManichaean
1085 3648 1149 3697 view
1161 3649 1190 3698 of
1199 3650 1322 3714 marriage
1334 3646 1423 3698 remind
1435 3659 1460 3693 ns

297 3746 333 3781 ra.
372 3730 478 3779 ridimlo
507 3728 705 3793 dignum1=risu
733 3728 838 3792 dignum
890 3730 919 3780 of
926 3730 1093 3795 apageinhis
1103 3746 1160 3779 own
1169 3731 1237 3794 early
1245 3730 1348 3794 history.
1362 3727 1459 3790 Though

262 3811 303 3871 (cf.
316 3826 356 3859 vv.
369 3811 405 3870 lt,
420 3810 471 3859 and
482 3817 567 3873 supra,
582 3825 607 3874 p.
625 3823 679 3871 107,
693 3810 710 3858 l.
725 3824 746 3872 7,
759 3808 838 3873 notel·
890 3813 916 3863 in
935 3813 976 3862 his
990 3829 1048 3862 own
1067 3828 1124 3862 case
1142 3813 1175 3862 he
1193 3814 1244 3862 had
1260 3813 1389 3863 abstained
1405 3811 1459 3859 from

296 3892 333 3945 16.
355 3900 491 3942 necantem
503 3892 566 3950 r'llae,
581 3892 639 3953 &cl
657 3893 708 3940 ‘At
720 3891 774 3941 that
786 3902 840 3940 rate
890 3894 1042 3959 matrimony
1053 3894 1079 3942 in
1090 3894 1227 3945 obedience
1239 3901 1266 3944 to
1279 3894 1322 3944 the
1332 3895 1379 3944 call
1389 3893 1416 3943 of
1427 3892 1460 3941 his

261 3992 295 4026 no
311 3991 410 4025 woman
426 3975 516 4024 should
535 3976 565 4024 be
581 3974 687 4023 allowed
702 3984 728 4023 to
744 3973 840 4039 profess
890 3974 979 4036 friend,
994 3976 1013 4024 it
1028 3975 1049 4024 is
1066 3984 1110 4025 not
1122 3975 1236 4039 unlikely
1247 3975 1301 4025 that
1318 3975 1357 4025 his
1371 3988 1458 4039 sympe-

261 4059 378 4123 virginity
389 4058 452 4107 after
467 4058 511 4107 she
528 4057 574 4106 has
590 4057 697 4106 reached
712 4073 727 4105 a
745 4058 839 4106 certain
891 4057 956 4106 thies
978 4057 1113 4106 continued
1131 4065 1159 4105 to
1175 4057 1207 4106 be
1230 4056 1257 4105 in
1280 4057 1366 4106 favour
1384 4056 1412 4105 of
1423 4055 1460 4105 the

260 4156 315 4204 age.
358 4140 385 4188 If
399 4140 442 4189 the
459 4155 570 4203 younger
587 4138 689 4188 widows
707 4154 748 4187 are
765 4147 791 4187 lo
808 4138 840 4187 be
890 4138 998 4187 married
1025 4146 1090 4188 state
1116 4153 1144 4187 as
1173 4137 1273 4203 against
1295 4153 1328 4188 an
1355 4135 1460 4187 enforoetl

261 4222 382 4273 excluded
400 4222 465 4271 from
480 4221 522 4270 the
539 4221 612 4269 order
628 4220 658 4269 of
672 4220 839 4280 widowhood,
892 4221 1012 4284 celibaey.

262 4306 304 4355 the
327 4304 399 4354 older
420 4303 562 4355 unmmned
580 4318 678 4353 women
698 4303 785 4367 ought,
809 4302 842 4367 by
928 4304 965 4354 18.
1012 4318 1148 4352 memorare
1174 4300 1289 4366 namn]
1303 4298 1460 4361 =mrfim

263 4384 377 4447 analogy,
402 4392 429 4433 to
450 4383 482 4432 be
501 4383 592 4433 denied
615 4384 658 4434 the
680 4384 799 4449 privilege
817 4384 845 4435 of
892 4381 947 4444 τῶν,
960 4385 1036 4433 ech.
