3142 5100
265 394 324 475 138
594 403 824 458 runononus
848 401 1141 458 uorsursrnuus
1320 389 1400 476 [ΙΙΙ.
1423 389 1476 454 16.

259 572 377 646 dimus,
404 571 464 635 sed
494 581 527 636 et
551 571 585 637 in
619 572 870 657 euangeliorum
906 573 1181 656 interpretatione
1210 571 1396 638 identidem
1437 572 1478 637 id

259 675 574 745 demonstrauimus.

323 830 481 913 adpamit
492 829 626 914 angelzi.

324 957 389 1022 hoc
411 968 470 1035 est,
495 960 709 1044 ‘perspicuus
732 968 767 1023 et
790 949 918 1043 angelis
944 959 1052 1024 sactus
1075 959 1253 1026 est’—hoc
1275 960 1365 1025 enim
1387 959 1481 1026 dicit

215 1078 244 1151 ’ς
260 1060 415 1143 adparuit
422 1086 437 1138 ,·
460 1071 498 1127 ut
512 1062 669 1128 ostendat
684 1061 973 1147 quemadmodum
988 1062 1188 1146 magnitudo
1208 1063 1278 1128 eius
1293 1071 1328 1128 et
1341 1061 1482 1146 angelis

260 1164 418 1229 existeret
433 1164 604 1229 mirabilis.

317 1316 527 1400 praedatam
542 1316 577 1380 in
585 1316 747 1400 gentibus.

325 1442 558 1509 ‘adnuntiatus
575 1443 708 1529 (inquit)
721 1453 772 1508 est
786 1441 999 1507 hominbus!
1020 1440 1146 1521 deinde,
1162 1443 1254 1526 quod
1270 1442 1378 1506 maius
1393 1450 1479 1507 est:

324 1596 463 1662 creditus
476 1606 525 1661 est
538 1596 574 1661 in
589 1595 719 1662 munde.

209 1744 249 1793 ιο
325 1724 407 1790 nihii
444 1727 533 1792 enim
563 1747 725 1810 magnum
762 1736 835 1791 erat
870 1724 962 1809 quod
992 1725 1250 1809 praedicabatur
1283 1729 1481 1794 secundum

256 1852 307 1912 se,
337 1832 365 1896 si
391 1852 459 1895 non
485 1841 520 1896 et
545 1829 629 1895 fides
659 1830 851 1894 auditorum
881 1830 1061 1895 subsecuta
1091 1829 1216 1895 suisset.
1261 1830 1325 1895 hoc
1354 1842 1482 1897 autem

259 1939 393 2003 dicebat
418 1935 657 2020 magnitudinis
680 1934 753 1998 eius
780 1933 1000 1998 sufficientem
1035 1933 1277 2015 probationem,
1308 1955 1349 2004 eo
1378 1938 1482 2019 quod

260 2044 413 2109 homines
439 2041 495 2126 qui
522 2040 556 2101 in
581 2036 736 2101 omnibus
767 2034 849 2100 locis
873 2044 968 2100 erant
995 2037 1201 2118 susciperent
1223 2038 1266 2101 de
1283 2058 1324 2101 eo
1347 2038 1482 2118 fidem3

261 2150 318 2234 qui
334 2164 518 2229 numquam
538 2150 732 2225 paterentur
746 2160 824 2204 cum
839 2159 1003 2203 consensu
1025 2138 1158 2203 credere
1176 2133 1220 2203 de
1238 2139 1303 2203 illis
1324 2162 1415 2224 quae
1432 2144 1482 2209 de

209 2280 244 2347 15
262 2272 302 2315 eo
325 2249 529 2323 dicebantur,
553 2246 580 2308 si
604 2265 671 2308 non
694 2243 793 2307 rebus
816 2241 896 2323 ipsis
919 2240 962 2305 de
982 2239 1034 2303 his
1055 2260 1142 2326 quae
1165 2241 1363 2313 dicebantur
1377 2245 1482 2310 testi-

262 2354 411 2418 monium
427 2349 688 2416 satisfactionem
704 2348 940 2432 percepissent.
1324 2357 1329 2363 ·

327 2503 519 2586 adsumptus
533 2500 569 2565 in
578 2498 698 2584 gloria.

327 2630 408 2694 dicit
423 2629 512 2693 enim
528 2628 571 2691 de
586 2626 643 2691 illa
658 2626 894 2709 adsumptione
909 2644 976 2708 qua
997 2624 1041 2689 de
1061 2623 1253 2690 hominibus
1268 2626 1481 2713 adsumptus

262 2743 321 2800 est
366 2735 399 2800 in
415 2734 533 2799 ultimo
555 2741 669 2798 autem
690 2731 771 2797 illud
789 2732 909 2817 posuit,
924 2733 1020 2814 quasi
1036 2733 1115 2815 quia
1130 2734 1296 2797 sufficiens
1316 2743 1407 2798 esset
1429 2736 1479 2799 ad

185 2863 251 2910 ·20
262 2839 365 2905 fidem
388 2860 445 2903 eos
468 2839 619 2912 inuitare,
641 2837 793 2918 eoquod
817 2844 852 2899 et
874 2837 1003 2918 angelis
1023 2835 1123 2901 fuerit
1141 2837 1249 2901 sactus
1265 2840 1479 2922 perspicuus,

263 2951 298 3007 et
319 2941 510 3006 hominibus
533 2939 752 3024 praedicatus,
781 2938 849 3002 fide
871 2939 914 3003 sit
936 2940 980 3002 ab
1003 2938 1067 3002 illis
1097 2948 1279 3022 susceptus.
1322 2939 1408 3004 haec
1431 2942 1481 3006 de

264 3046 398 3117 Christo
413 3047 536 3122 dicens,
552 3043 647 3129 quasi
664 3043 743 3127 quia
765 3050 799 3105 et
818 3043 1004 3107 necessarie
1023 3026 1233 3127 et'cognosci
1261 3050 1296 3106 et
1314 3043 1480 3108 custodiri

314 3202 325 3236 1
344 3184 470 3235 identibus
481 3183 503 3235 is
515 3183 572 3248 (jor
582 3180 721 3232 identidem
732 3177 768 3245 id)
783 3180 806 3229 C
825 3178 970 3230 uidentibus
980 3178 1020 3231 his
1031 3179 1065 3229 H
1071 3194 1087 3227 r
1245 3190 1260 3243 7
1277 3180 1453 3244 praedicatum
1464 3198 1483 3231 r

263 3271 279 3320 8
303 3276 341 3319 est
359 3268 441 3339 inquit
458 3284 476 3317 r
598 3283 615 3334 9
631 3265 752 3315 creditum
764 3264 796 3313 H
804 3280 820 3312 r
946 3278 975 3313 11
993 3262 1136 3313 adiuturum
1150 3260 1189 3325 C*
1318 3279 1348 3325 ¹4
1364 3265 1451 3315 dem
1465 3284 1484 3317 r

266 3351 296 3403 16
313 3349 509 3402 satisfactiones·
624 3360 653 3411 17
670 3353 813 3411 assumptus
822 3353 888 3396 estr
978 3356 1010 3393 aa
1027 3344 1137 3409 quiam
1150 3343 1189 3395 C*
1203 3342 1210 3409 Ι
1223 3345 1482 3411 neumsuiortm.

263 3434 344 3485 todire
358 3435 380 3482 C
389 3433 434 3482 H:
450 3439 492 3481 txt
501 3448 518 3481 r
955 3430 958 3435 '

299 3560 322 3595 r·
362 3549 386 3593 ct
406 3544 435 3592 in
456 3541 642 3606 mangeltbmm
670 3541 771 3608 interp]
802 3541 843 3593 Cf.
930 3553 967 3603 15.
1002 3538 1380 3604 astinwntumsatisfiuntmm]
1396 3541 1483 3592 “Un-

263 3627 307 3679 the
324 3626 460 3691 fragments
475 3641 508 3673 on
527 3624 602 3673 Mau.
622 3624 671 3674 xvi.
693 3640 716 3688 3,
729 3624 789 3689 Joh.
807 3624 841 3674 xi.
894 3622 943 3671 less
950 3620 1068 3684 theyhad
1076 3621 1224 3687 recognized
1233 3622 1259 3670 in
1268 3622 1311 3671 the
1319 3624 1400 3672 actual
1410 3623 1485 3675 facts

265 3723 305 3774 35,
319 3725 360 3757 xx.
374 3720 402 3771 17
415 3708 579 3773 (Migne,709
590 3704 752 3772 sq.,764sq.,
766 3706 832 3770 783).
894 3703 988 3768 abody
998 3702 1027 3752 of
1035 3702 1156 3752 evidence
1166 3702 1249 3752 which
1261 3704 1388 3753 servedas
1403 3721 1419 3754 a
1438 3721 1484 3757 se·

296 3809 322 3853 4.
366 3788 512 3853 perspicuus
538 3796 562 3837 et
588 3787 693 3852 nugalis]
733 3788 842 3851 Chrys-r
893 3786 975 3849 curity
995 3784 1034 3835 ior
1056 3784 1100 3834 the
1119 3784 1187 3834 truth
1203 3785 1234 3834 of
1246 3785 1315 3835 what
1334 3785 1392 3848 they
1407 3801 1486 3838 were

264 3870 329 3924 ὥστε
344 3873 384 3921 rui
401 3867 504 3932 ἄγγελοι
518 3868 572 3930 μεθ’
588 3866 654 3929 ἡμῶν
667 3870 728 3919 εἴδω
742 3867 784 3917 τὸν
795 3866 845 3918 υἱὸν
893 3868 975 3917 called
996 3875 1023 3918 to
1045 3865 1172 3917 believe.”
1203 3867 1242 3917 Or
1263 3868 1306 3916 uel
1331 3883 1388 3932 may
1407 3868 1486 3922 have

264 3955 308 4004 τοῦ
325 3955 389 4011 θεοῦ,
409 3950 525 4015 πρότερον
543 3954 590 4012 οὐχ
607 3952 714 4012 ὁρῶντες.
749 3950 842 4000 Thdt.:
893 3950 970 3999 fallen
987 3957 1032 3999 out
1048 3950 1163 4000 between
1180 3949 1224 3999 the
1238 3950 1340 4011 words3
1359 3950 1391 3999 ci.
1410 3962 1430 3999 1.
1452 3969 1484 4019 p.

263 4038 311 4098 τὴν
327 4038 377 4099 γὰρ
394 4036 497 4098 ἀόρατον
514 4030 557 4094 τῆς
573 4027 688 4094 θεότητος
703 4029 777 4094 φύσιν
789 4034 844 4082 onst
893 4031 977 4082 xxxvi.

263 4121 349 4170 ἐκεῖνοι
369 4115 456 4182 ἑώρων,
480 4117 635 4180 supinam
657 4116 683 4164 δὲ
710 4113 844 4164 ἐθεάσαντο
929 4113 966 4161 18.
999 4112 1087 4162 der’lla
1097 4111 1278 4176 adsumptione]
1295 4112 1338 4162 On
1355 4113 1398 4163 the
1410 4118 1487 4165 two-

265 4199 308 4261 [οἱ.
331 4198 449 4247 however
471 4195 514 4246 the
536 4195 676 4259 suggesrive
699 4195 788 4259 fragm.
817 4194 847 4243 oi
893 4183 1388 4258 soiduseoidrdtnduseeSuicerma.

265 4280 347 4331 elem.
370 4279 445 4329 Alex.
467 4278 599 4344 preserved
618 4277 653 4341 by
670 4277 743 4327 Oen:
772 4274 842 4339 ὤφθη
928 4290 966 4341 19.
999 4276 1028 4325 ἐκ
1043 4276 1140 4333 ultimo,
1156 4274 1215 4337 dcc]
1231 4276 1323 4327 Thdt:
1350 4278 1420 4325 τοῦτο
1435 4294 1488 4340 γρ-

265 4364 390 4424 owenus·
419 4361 472 4420 οὐχ
505 4359 539 4409 ὡς
566 4360 627 4408 τοῖς
659 4355 839 4421 ἀνθρώποις],
891 4357 997 4417 ’γένηται
1011 4357 1057 4416 μὲν
1073 4354 1121 4419 πρό
1141 4359 1184 4404 τοῦ
1206 4353 1370 4418 κηρύγματος·
1391 4360 1487 4411 τελευ-

176 4456 181 4457 ’
269 4444 287 4469 “
296 4439 515 4502 Perspicuus.„est
529 4437 575 4487 '’is
585 4438 652 4487 cited
663 4437 698 4501 by
706 4438 839 4489 lanfranc
892 4443 961 4490 rainu
972 4443 999 4491 at
1010 4440 1070 4490 adri
1079 4440 1194 4499 τέθεικεν,
1206 4441 1326 4492 διδάσκων
1337 4440 1368 4492 irs
1377 4439 1490 4498 εἰκότως

302 4539 340 4583 ¹4·
361 4536 446 4584 nunrq.
456 4521 525 4583 pan]
542 4523 584 4569 oin
594 4519 622 4569 ἂν
634 4519 774 4580 ἐτόλμησαν
783 4522 822 4584 (i),
893 4520 1027 4582 nautor,
1035 4518 1065 4573 τό
1075 4518 1193 4585 κήρυγμα.
