3142 5100
114 440 169 504 111.
183 439 224 526 a]
454 452 495 503 ιιι
520 454 572 504 nn.
594 453 647 503 nu
670 452 903 504 rmonunun
927 452 949 502 1.
1246 451 1302 499 101

111 647 160 691 eos
178 627 352 693 indiscrete
366 626 563 713 producunt,
580 637 615 692 et
629 627 765 711 quidem
781 647 858 693 cum
880 628 914 691 in
934 626 1052 692 ceteris
1075 627 1109 693 id
1129 629 1306 693 obseruare

112 732 351 811 existimentur;
385 734 479 816 quasi
509 733 588 817 quia
617 734 788 817 baptisma
818 730 919 796 faciat
946 753 1025 797 eum
1051 753 1118 797 non
1148 732 1306 797 habuisse

112 836 185 900 duas
205 858 336 903 uxores.
382 838 571 921 frequenter
592 848 704 903 autem
728 838 793 901 hoc
816 838 904 901 idem
928 845 1034 921 agunt
1054 837 1148 903 etde
1170 834 1306 920 illisqui

111 951 179 1004 sunt
199 943 289 1025 praui
306 942 445 1020 arbitrii,
461 942 695 1006 existimantes
710 962 747 1005 se
768 942 897 1025 optime
917 942 1025 1005 facere
1046 941 1075 1005 si
1096 941 1307 1024 baptizantes

112 1044 271 1129 illumsqui
297 1046 370 1110 uita
399 1047 487 1111 uixit
517 1046 690 1110 luxuriosa
719 1047 763 1111 ad
795 1046 1000 1110 functionem
1031 1044 1204 1110 clericatus
1230 1062 1307 1126 pro·
1344 1055 1360 1125 5

75 1141 79 1146 ’
111 1149 261 1228 duxerint,
278 1152 337 1235 qui
353 1150 446 1215 nulla
461 1172 523 1216 nec
539 1152 701 1216 uirtutum
718 1173 780 1216 nec
796 1152 932 1235 pietatis
948 1150 1122 1234 diligentia
1138 1147 1308 1232 praeditus

111 1273 257 1336 umquam
276 1255 380 1318 fuisse
399 1254 539 1320 uidetur.
585 1264 622 1320 ut
638 1265 752 1319 autern
774 1256 906 1319 silentio
922 1264 1129 1339 praeteream
1149 1253 1307 1336 baptismi

111 1376 234 1421 causam
263 1358 310 1423 ob
348 1380 450 1442 quam
488 1359 596 1437 datur,
626 1359 670 1424 ad
700 1381 803 1443 quam
834 1362 997 1424 rationem
1034 1359 1169 1443 plurimi
1199 1377 1309 1440 neque

112 1461 259 1545 inspicere
295 1462 424 1541 uolunt,
454 1462 538 1526 illud
576 1484 657 1527 uero
686 1464 910 1528 conueniebat
944 1465 993 1529 eis
1026 1464 1117 1539 scire,
1148 1461 1308 1546 quoniam

112 1564 219 1629 beatus
241 1566 366 1631 Paulus
393 1567 435 1630 de
458 1568 528 1630 uita
552 1565 610 1630 illa
632 1567 784 1650 disputat
810 1567 994 1631 secundum
1018 1586 1120 1651 quam
1145 1563 1196 1650 (ut
1219 1564 1308 1628 idem
1327 1579 1365 1626 10

111 1668 270 1752 opinatur)
286 1677 420 1753 oportet
439 1669 566 1734 uixisse
590 1669 797 1753 episcopum,
813 1690 882 1735 non
900 1672 944 1736 de
962 1673 1177 1738 concessione
1191 1693 1309 1756 pecca-

111 1781 210 1836 torum
240 1774 392 1856 disputat
421 1794 508 1857 quae
538 1792 598 1856 per
626 1775 770 1857 gratiam
794 1774 944 1858 gignitur
968 1775 1033 1839 illis
1056 1776 1114 1861 qui
1140 1776 1310 1860 baptisma

28 1895 32 1904 ’
112 1885 330 1960 perceperunt.
375 1877 404 1940 si
428 1886 541 1940 autem
562 1875 627 1939 hoc
649 1878 696 1940 ita
719 1875 789 1940 fieri
814 1879 978 1961 optimum
1006 1900 1079 1944 esse
1105 1881 1310 1962 existimant,

111 1979 269 2062 superflua
284 1986 335 2043 est
349 1978 459 2044 omnis
474 1978 641 2062 legislatio
662 1978 767 2060 Pauli,
783 1979 865 2045 dum
886 2000 938 2045 res
961 1981 1123 2049 admittat
1141 1983 1234 2050 illum
1253 1988 1310 2070 qui

111 2083 387 2168 qualitercumque
414 2084 502 2149 uixit
522 2084 686 2168 baptizari
710 2094 744 2149 et
766 2086 919 2170 protinus
943 2086 978 2150 in
1002 2085 1127 2152 clerum
1153 2089 1290 2172 produci
1303 2109 1311 2168 ;
1329 2113 1365 2181 15

110 2251 314 2339 παράιγουσιν
328 2250 437 2332 όδεῶς,
452 2252 561 2320 καίτοι
575 2279 614 2337 ηε
628 2251 685 2319 ἐπὶ
699 2255 764 2321 τῶν
777 2256 907 2321 λοιπῶν
921 2251 1001 2322 αὐτὸ
1017 2252 1246 2340 φυλάττεσθαι
1260 2252 1313 2319 δο-

110 2358 244 2436 κοῦντες,
274 2354 316 2427 ῶς
345 2355 386 2422 ἂν
414 2361 473 2423 τοῦ
498 2355 735 2440 βαπτίσματος
758 2360 937 2428 ποιοῦντος
966 2356 1066 2423 αὐτὸν
1094 2355 1202 2423 οὐκέτι
1232 2354 1313 2422 εἶναι

110 2459 316 2545 σννηικηκότα
328 2457 422 2526 δυσὶν
432 2460 595 2544 γυναιξίν·
617 2458 784 2530 πολλάκις
796 2459 831 2528 δέ
845 2464 942 2527 τοῦτο
955 2459 1011 2527 καὶ
1023 2458 1079 2527 ἐπὶ
1090 2461 1157 2527 τῶν
1168 2460 1314 2526 καθόλου

108 2564 282 2654 μοχθηρῶν
307 2561 592 2651 διαπραττόμενοι,
619 2564 742 2630 οἴονται
767 2564 940 2631 κάλλιστα
964 2570 1079 2645 ποιεῖν,
1101 2563 1130 2632 εἰ
1156 2563 1195 2647 δι)
1221 2567 1315 2644 βαπ-

109 2667 248 2749 τίζοντες
268 2666 326 2734 τὸν
340 2665 431 2738 ὅπως
446 2666 529 2732 ποτὲ
550 2667 690 2749 ἐζηκότα
712 2665 769 2734 ἐπὶ
790 2667 851 2751 τὴν
876 2671 936 2734 τοῦ
958 2666 1082 2755 κλήρου
1103 2669 1315 2756 λειτονρηίαν
1328 2688 1371 2738 20

109 2767 295 2856 παρόιγοιεν,
318 2767 421 2853 μηδὲν
447 2768 563 2855 ἀρετῆς
588 2768 644 2836 καὶ
667 2773 726 2851 τῆς
747 2768 825 2857 περὶ
847 2767 907 2852 τὴν
928 2765 1101 2849 εὐσέβειαν
1127 2768 1315 2852 ἐπιμελείας

109 2871 278 2959 ηνῶρισμα
299 2871 513 2955 ἐπαιρόμενον.
572 2870 626 2939 ἵνα
646 2870 711 2958 γὰρ
733 2870 899 2954 σιωπήσω
921 2876 981 2939 τοῦ
1002 2871 1238 2955 βαπτίσματος
1255 2871 1316 2952 τὴν

110 2974 228 3053 αἰτίαν,
249 2974 300 3062 ἐφ’
322 2973 343 3060 ᾖ
366 2974 501 3053 δίδοται,
523 2974 607 3063 πρὸς
628 2973 670 3058 ἣν
688 2974 761 3041 οὐδὲ
776 2974 908 3065 ἀφορῶν
930 2973 1102 3042 ἐθέλουσιν
1124 2973 1157 3040 οἱ
1175 2973 1316 3041 πολλοί·

112 3079 214 3144 ἐκεῖνο
237 3083 316 3162 γοῦν
341 3076 460 3145 εἰδέναι
485 3077 600 3150 αὐτοὺς
626 3080 736 3168 ἐχρῆν,
762 3075 817 3145 δτι
841 3077 859 3145 ὁ
885 3078 1047 3165 μακάριος
1073 3079 1209 3149 Παῦλος
1238 3078 1317 3165 περὶ

110 3186 191 3269 βίον
213 3188 385 3274 νομοθετεῖ,
406 3188 480 3255 καθ’
503 3186 542 3255 δν
565 3187 687 3273 νομίζει
713 3186 780 3254 δεῖν
806 3185 954 3270 ἐζηκέναι
979 3185 1037 3254 τὸν
1062 3186 1256 3266 ἐπίσκοπον,
1280 3186 1316 3254 οὕ
1331 3206 1369 3273 25

112 3292 189 3381 περὶ
205 3292 446 3381 σνγχωρὴσεως
458 3290 644 3374 διαλέγεται
656 3295 715 3374 τῆς
728 3290 808 3376 [διὰ]
821 3290 959 3380 χάριτος
972 3289 1235 3378 προσγινομένης
1250 3295 1318 3363 τοῖς

109 3396 148 3460 τδ
170 3396 347 3480 βάπτισμα
369 3395 559 3482 εἰληφόσιν·
594 3395 624 3463 εί
641 3394 705 3482 ’γὰρ
727 3394 765 3477 δη
789 3399 885 3462 τοῦτο
907 3395 1061 3478 ’γίνεσθαι
1082 3395 1185 3467 οὕτως
1206 3396 1319 3472 καλόν,

112 3496 249 3583 περιττὴ
266 3501 364 3564 πᾶσα
386 3496 406 3580 ἦ
430 3495 608 3580 νομοθεσία
630 3498 688 3560 τοῦ
710 3494 859 3575 Παίλον,
880 3496 1162 3585 συγχωρήσαντος
1184 3496 1240 3561 καὶ
1262 3494 1319 3563 τόν

111 3596 289 3667 όπιόσποτε
310 3600 488 3682 βιῶσαντα
517 3600 726 3681 βαπτίζοντα
749 3598 845 3671 εόθθς
867 3598 912 3670 εἰς
934 3603 1060 3687 κλῆρον
1083 3599 1184 3682 ἄγειν.
1238 3598 1318 3687 ὅπερ

165 3750 363 3801 acxistimantur
379 3749 412 3816 νΙ
427 3766 490 3816 quae
503 3750 559 3817 (sor
568 3749 637 3817 quia)
653 3751 714 3801 CH
790 3748 926 3810 odollam,
940 3750 1097 3815 diligentiam
1110 3752 1144 3802 H
1226 3753 1320 3818 7bap-

113 3830 193 3878 tisma
209 3831 248 3879 C*
363 3847 379 3899 9
401 3848 445 3882 eos
461 3833 494 3882 H
590 3849 620 3883 ιο
636 3833 737 3883 ciuitate
752 3833 813 3883 CH
840 3832 1003 3882 ciuilitater:
1020 3841 1121 3882 scenote
1220 3847 1246 3883 ιι
1266 3835 1320 3899 opi·

115 3916 209 3958 uantur
220 3910 321 3975 C(corr)
442 3927 470 3977 ιη
487 3912 550 3963 sicut
568 3913 625 3978 (star
639 3913 671 3974 si)
692 3914 798 3963 C'Hr
812 3911 816 3979 Ι
830 3922 867 3963 est
885 3912 943 3977 (sor
958 3915 1021 3975 esse)
1042 3912 1085 3964 C*
1119 3923 1156 3965 est
1173 3923 1200 3964 ut
1220 3915 1321 3979 Clcorr)

118 4004 148 4054 15
168 3991 287 4056 baptizare
298 3994 332 4044 H
427 4007 457 4058 19
473 3995 638 4057 βαπτίζονται
652 3994 694 4044 Cr.
702 4011 710 4055 ;
727 4002 784 4056 ιιι,
798 3996 854 4045 cod.
868 3995 910 4044 Fr.
925 3992 993 4059 (who
1005 3994 1122 4045 however
1133 4005 1246 4062 suggests
1256 4001 1321 4062 βατ-

115 4076 236 4137 τίσιιιτιι)
315 4075 346 4162 τό
364 4077 403 4127 διδ
414 4093 466 4127 om.
478 4078 534 4127 cod.
549 4077 606 4129 edd.
623 4075 628 4142 Ι
644 4079 817 4142 τρογινομένηι
828 4080 872 4129 Cr.
956 4093 988 4143 29
1003 4081 1173 4142 βαττισθέντα
1184 4080 1226 4129 Fr.

153 4222 179 4274 7,
211 4212 319 4278 baptismi
327 4231 428 4264 causam
440 4215 476 4275 ob,
485 4215 542 4278 dc]
560 4215 603 4267 On
619 4215 693 4267 'lh's
743 4218 845 4267 distorts
857 4217 911 4268 into
922 4215 976 4267 “de
988 4214 1134 4267 civilitate.''
1164 4217 1220 4267 The
1233 4216 1322 4278 Gk.,1

118 4292 261 4345 doctrineoi
266 4297 399 4362 baptismal
407 4313 481 4362 grace
489 4314 530 4349 see
538 4298 691 4365 1.p.lxxxiii,
745 4296 826 4358 think,
846 4296 930 4347 leaves
951 4312 985 4346 no
1007 4297 1087 4346 doubt
1109 4297 1165 4347 that
1186 4298 1286 4348 ciuitate
1302 4301 1324 4352 is

118 4374 177 4425 and
186 4375 255 4440 infra,
269 4395 293 4445 ρ,
309 4394 364 4444 ¹07·
744 4394 760 4427 a
776 4378 920 4442 corruption
937 4378 967 4427 os
976 4378 1046 4435 ιαία,·
1064 4394 1145 4443 comp.
1164 4394 1197 4428 an
1214 4380 1325 4433 instance

162 4470 198 4508 10·
227 4460 321 4524 deuito]
329 4462 536 4528 TheMss.give
545 4461 587 4513 the
595 4468 695 4527 strange
745 4460 775 4510 ol
788 4460 831 4511 the
846 4460 963 4525 opposite
979 4476 1047 4511 error
1059 4461 1084 4511 in
1097 4461 1146 4512 vol.
1162 4473 1180 4512 ι,
1194 4478 1219 4527 p.
1239 4461 1321 4520 116.1.

123 4538 258 4606 reading&
267 4544 373 4603 ciuitate,
382 4543 466 4595 which
474 4543 593 4596 Rabanus
602 4544 696 4595 further
747 4557 761 4607 3
773 4544 824 4605 (vv.
838 4542 888 4605 lh).
