3142 5100
265 407 326 469 140
598 397 829 453 ruaonouus
853 400 1147 452 ironsunsrnuus
1282 388 1358 472 [IV.
1380 405 1484 469 1-y

259 575 386 639 haeresi
409 584 443 639 et
466 577 660 660 omnesqui
684 576 849 640 eiusmodi
869 585 956 651 sunt,
973 577 1126 641 similiter
1143 576 1217 660 quis
1240 575 1421 660 perspiciet
1443 585 1485 641 et

260 680 394 761 nuptias
409 681 594 762 dampnare
609 688 643 743 et
658 700 808 743 escarum
825 701 921 743 usum
937 681 1032 762 quasi
1048 680 1260 744 inhonestum
1276 682 1457 745 criminare
1472 701 1483 760 ς

178 824 181 833 ·
259 791 294 844 et
309 783 399 864 quod
420 784 615 847 adnitantur
633 784 810 846 ostendere
830 803 964 846 carnem
985 805 1005 846 a
1026 784 1176 847 Domino
1191 803 1258 846 non
1280 782 1381 847 luisse
1401 802 1485 845 sus-

260 894 404 965 ceptam.
449 887 691 950 intendendum
714 907 794 949 uero
816 886 1101 969 quemadmodum
1121 887 1328 950 amarissime
1348 903 1486 947 memo-

227 995 352 1065 status
373 1006 496 1063 eorum,
513 998 546 1051 et
570 987 609 1052 ut'
630 988 846 1052 uehementer
868 990 1021 1052 instituat
1043 989 1086 1052 de
1109 988 1173 1052 illis
1192 990 1248 1072 qui
1270 989 1334 1051 ista
1352 988 1485 1050 docere

262 1093 294 1156 in
320 1094 508 1157 nouissimis
527 1093 733 1175 temporibus
752 1095 920 1176 incipient,
945 1094 1120 1175 spirituum
1145 1092 1329 1158 alienorum
1356 1092 1484 1155 seduc·

262 1198 370 1261 tiones
392 1218 449 1260 eas
471 1216 544 1259 esse
559 1197 681 1273 dicens,
698 1206 732 1261 et
748 1199 934 1262 ‘doctrinas
949 1199 1221 1262 daemoniorum'
1237 1218 1361 1261 uocans
1376 1196 1458 1259 illas
1473 1218 1483 1275 3

262 1285 309 1362 sic
331 1318 468 1381 grauem
485 1297 602 1361 horum
626 1298 865 1380 professionem
890 1321 962 1363 esse
985 1302 1210 1365 existimabat.
1254 1301 1340 1364 bene
1360 1309 1484 1363 autem

262 1404 420 1486 quoniam
455 1404 543 1467 dixit
573 1402 753 1485 hypocrisin
777 1405 998 1468 mendacium.
1042 1426 1159 1469 omnes
1191 1405 1244 1468 isti
1265 1404 1484 1469 Christianos
1566 1445 1567 1448 =

211 1521 299 1570 rose
332 1528 404 1570 esse
434 1506 593 1573 simulant
630 1518 664 1572 et
701 1509 854 1572 doctrina
887 1529 947 1572 sua
982 1510 1141 1572 maiorem
1176 1530 1211 1573 se
1246 1518 1359 1572 tenere
1398 1530 1484 1591 pro-

263 1614 401 1678 mittunt
419 1615 618 1693 castitatem,
639 1614 781 1677 multum
808 1634 888 1677 uero
913 1614 1047 1696 pietatis
1066 1614 1231 1676 contraria
1250 1634 1308 1675 eos
1329 1613 1386 1695 qui
1413 1613 1482 1676 sibi

263 1717 497 1801 obtemperant
530 1718 573 1781 de
604 1717 738 1784 Christo
767 1719 888 1781 docere
917 1718 1133 1795 adnituntur;
1164 1719 1278 1782 omnia
1305 1739 1387 1782 uero
1418 1719 1483 1782 illa

263 1840 349 1902 quae
365 1822 517 1886 luxuriae
533 1830 610 1885 sunt
630 1821 739 1904 plena,
755 1841 842 1903 quae
856 1829 890 1883 et
910 1840 1045 1883 omnem
1063 1822 1096 1883 in
1118 1840 1153 1883 se
1175 1821 1349 1883 continent
1365 1822 1483 1902 praui·
1567 1807 1568 1818 ¹

264 1933 378 2001 tatem,
394 1924 456 2006 ipsi
471 1924 556 1987 inter
571 1944 606 1986 se
622 1943 721 2005 agere
736 1943 812 1986 cum
829 1923 920 1985 omni
936 1932 1116 2004 properant
1132 1922 1364 1986 sollicitudine
1389 1943 1483 2005 quae

211 2030 247 2097 15
265 2028 415 2112 inprimis
438 2027 481 2090 ad
501 2025 637 2108 plenum
663 2026 758 2090 silere
783 2026 940 2089 uidentur
951 2046 959 2103 ;
983 2026 1076 2088 atubi
1092 2046 1172 2089 uero
1190 2045 1250 2107 per
1264 2024 1356 2087 illam
1372 2045 1481 2106 quam

264 2129 379 2194 ineunt
403 2129 649 2192 simulationem
673 2127 819 2213 aliquem
844 2130 1007 2192 instanter
1029 2128 1159 2191 suaderi
1182 2127 1244 2191 sibi
1272 2147 1331 2207 per
1361 2126 1482 2188 omnia
1568 2169 1569 2188 τ

264 2230 419 2306 lecerunt,
437 2240 516 2293 tunc
533 2229 817 2294 illasermonibus
838 2231 1039 2313 quibusdam
1060 2231 1233 2294 adducunt
1254 2230 1297 2293 ad
1317 2229 1481 2302 medium,
1568 2219 1569 2272 ἶ

264 2335 443 2397 suadentes
458 2343 496 2398 ut
512 2332 569 2397 illa
584 2344 747 2417 peragant
763 2335 858 2416 quasi
881 2334 1016 2417 pietatis
1037 2353 1139 2415 opera
1158 2329 1368 2414 perficientes
1389 2349 1482 2412 quae

263 2436 374 2499 omnis
396 2445 475 2499 sunt
495 2438 673 2518 spurcitiae
693 2437 801 2520 plena.
846 2447 880 2500 et
895 2437 958 2501 hoc
979 2437 1126 2500 inueniet
1146 2435 1220 2517 quis
1240 2433 1267 2496 si
1286 2432 1350 2512 itta,
1361 2432 1484 2496 omnia

317 2642 327 2676 1
351 2641 415 2691 quos
426 2626 544 2691 perspicit
559 2624 665 2691 Clcarr)
783 2643 797 2678 a
815 2627 941 2677 criminari
956 2627 977 2676 C
985 2627 1083 2687 (corrlr
1207 2623 1223 2674 6
1239 2623 1407 2689 malignorum
1421 2623 1485 2688 [for

263 2707 349 2768 alien.)
361 2724 378 2757 r
436 2722 452 2772 9
468 2708 495 2756 in
506 2707 633 2773 hypocrisi
649 2708 839 2760 mendaciorum
853 2710 959 2771 C(carr)
972 2709 998 2758 in
1013 2707 1140 2774 hypocrisi
1150 2706 1306 2772 loquentium
1317 2706 1482 2759 mendacium

263 2788 296 2856 τΙ
311 2805 371 2840 nam
383 2787 436 2855 (bes
440 2787 536 2853 omnes)
547 2790 600 2839 add
608 2807 625 2840 r
730 2807 756 2841 rr
776 2791 865 2858 pietati
879 2790 984 2854 Clcorr)
1085 2805 1113 2840 rs
1131 2788 1251 2838 adnititur
1269 2787 1355 2839 C'H
1365 2774 1375 2783 ⁸
1448 2804 1481 2852 14

263 2887 337 2936 agere
350 2872 397 2937 (ast
406 2872 472 2922 iuter
487 2870 523 2936 se)
535 2888 574 2922 orn
589 2873 611 2922 C
624 2870 628 2936 Ι
642 2873 727 2922 omnia
738 2873 768 2922 H
868 2884 895 2934 15
913 2871 990 2921 adubi
1004 2869 1046 2921 C*
1054 2872 1088 2920 H
1098 2870 1102 2936 Ι
1115 2871 1148 2920 ad
1165 2871 1235 2920 illam
1245 2885 1311 2937 quae
1322 2871 1356 2920 H
1449 2886 1480 2935 η

263 2953 367 3004 iecerint
381 2954 488 3015 thorr)
503 2951 507 3019 Ι
523 2954 549 3003 in
567 2952 624 3019 (sar
633 2954 675 3018 ad)
688 2971 705 3003 r
789 2967 818 3018 19
836 2954 905 3004 omni
914 2955 923 3015 (
924 2953 974 3018 sor
983 2952 1075 3015 omnis)
1089 2953 1112 3001 C
1118 2950 1173 3001 *H
1177 2968 1195 2999 r

263 3113 477 3180 ratu-(mamm
485 3119 525 3166 nel
533 3116 723 3178 Μαρκιωτιστῶτ
733 3118 772 3167 sal
782 3135 842 3166 ταν·
894 3115 1019 3165 Ambrstr.
1034 3116 1070 3164 ad
1077 3115 1103 3165 h.
1117 3115 1143 3175 l.,
1159 3115 1226 3164 cited
1240 3114 1266 3163 in
1282 3114 1325 3165 the
1341 3114 1390 3164 last
1406 3122 1476 3163 note.

262 3200 302 3248 τὸς
321 3201 400 3248 αὐτῶν
417 3201 461 3248 τοῦ
479 3201 641 3262 ἐργαστηρίου
660 3201 736 3249 ταῦτά
757 3206 842 3262 φησιν.
895 3197 933 3246 As
951 3207 977 3247 to
989 3196 1113 3257 Marcion,
1129 3212 1212 3262 comp.
1228 3197 1298 3250 Tert.
1314 3198 1374 3246 adu.
1390 3199 1477 3247 Marc.

263 3282 402 3331 Ambrstr.:
437 3281 575 3331 “doctrina
578 3320 636 3332 ......
640 3297 704 3347 quae
727 3298 793 3332 nunc
816 3281 843 3332 in
897 3278 1208 3344 12⁴·nuptiasabstutit;”
1223 3280 1339 3330 deisinn.
1354 3294 1395 3347 15:
1413 3281 1478 3343 “[a·

264 3362 429 3419 Marcionitis.
443 3363 558 3427 quamuis
571 3379 652 3427 paene
665 3363 839 3423 defecerint...
893 3363 1016 3427 postolos]
1030 3363 1148 3430 reprobat
1162 3362 1220 3413 illos
1234 3364 1277 3428 qui
1292 3363 1395 3416 iubeant
1410 3365 1477 3417 cibis

262 3452 306 3494 aut
321 3445 429 3495 maxime
442 3446 469 3495 in
485 3445 797 3505 Manichaeisdenotatur3
813 3446 841 3496 hi
893 3446 1026 3504 abstinere,
1050 3446 1096 3495 sed
1120 3445 1152 3495 de
1180 3445 1338 3509 prouidentia
1366 3446 1479 3514 Spiritus

263 3526 367 3576 enimet
379 3528 506 3577 Christum
523 3536 610 3577 natum
629 3536 723 3592 negant
738 3537 764 3579 et
778 3545 842 3594 nup·
893 3528 973 3579 sancti
991 3529 1173 3593 praedamnans
1192 3529 1243 3577 iam
1262 3528 1401 3580 haereticos
1419 3546 1478 3596 per-

263 3608 312 3660 tias
337 3610 470 3675 prohibent
496 3619 521 3660 et
543 3610 720 3660 abstinendum
742 3627 759 3661 a
780 3611 843 3661 cibis
894 3618 996 3674 petuam
1027 3610 1205 3659 abstinentiam
1238 3624 1415 3677 praecepturos
1441 3616 1478 3665 ad

264 3689 391 3741 tradunt'’
894 3692 1044 3742 destruenda
1053 3692 1247 3757 etdespicienda
1255 3695 1476 3757 operaCroatoris,

296 3772 484 3835 Marciana'stas]
522 3777 538 3800 ‘¹
547 3773 712 3824 Marcionitae
720 3773 735 3798 ''
755 3774 776 3823 is
800 3775 843 3824 the
893 3775 980 3838 quales
999 3775 1126 3824 inueniam
1145 3775 1212 3839 apud
1233 3775 1424 3840 Marcionem;”
1444 3780 1478 3829 de

263 3854 327 3905 form
346 3855 407 3904 used
423 3854 457 3919 by
472 3854 611 3905 Tertullian
626 3856 665 3917 (de
678 3864 787 3920 praescr.
801 3869 839 3923 29,
892 3870 969 3905 carne
987 3856 1047 3905 Chr.
1069 3870 1094 3905 r:
1127 3855 1297 3919 “[Marcion],
1323 3865 1350 3907 ut
1372 3874 1475 3910 carnem

262 3938 323 3988 adu.
346 3938 429 3987 Marc.
454 3938 487 3998 8),
512 3936 622 4002 Cyprian
645 3941 688 4001 (ep.
716 3949 746 4001 73
768 3940 782 3998 5
805 3938 840 3999 4),
893 3937 987 3988 Christi
1009 3944 1120 4002 negaret,
1139 3938 1240 4002 negauit
1259 3939 1338 3989 etiam
1357 3941 1476 3992 natiuita-

263 4018 477 4083 Ambrstr.(l.c);
490 4018 841 4081 “Marcionisuewttapna
893 4018 972 4070 tem-’⁹
1005 4020 1186 4086 Hippoi-phil.
1199 4020 1241 4071 vii.
1254 4037 1303 4086 30:
1319 4025 1379 4085 φέρε
1396 4022 1479 4085 015,AE

264 4100 357 4161 νιστής,
373 4102 480 4166 Hippot.
497 4101 561 4166 phil.
580 4101 621 4151 vii.
637 4102 678 4165 31)
694 4101 803 4152 islouud
816 4102 843 4151 in
894 4102 1145 4165 Μαρκίων...τωλύειτ
1165 4105 1262 4167 γαμεῖν,
1285 4105 1395 4165 τεκνοῦν,
1414 4105 1476 4158 ἀτέ-

263 4183 306 4233 the
321 4183 413 4246 jurists.
447 4183 634 4239 Marcianistan
658 4184 841 4241 Valentiniani,
893 4185 983 4244 χεσθαι
993 4182 1135 4247 βρωμάτων.

263 4281 306 4314 are
320 4264 382 4313 both
397 4265 505 4330 perhaps
520 4281 599 4315 errors
610 4263 640 4315 ol
651 4266 842 4332 transcription3
926 4279 951 4331 9.
984 4282 1067 4316 omnes
1078 4267 1121 4316 isti
1131 4267 1295 4331 Christianos,
1306 4271 1365 4334 dac]
1382 4272 1478 4324 that:

264 4345 449 4404 Μαρκιανιστῶτ
478 4361 592 4410 appears,
622 4346 745 4408 however,
776 4365 805 4399 as
827 4366 842 4399 a
893 4349 967 4399 τὸδὲ
989 4351 1026 4397 ‘tr
1048 4348 1171 4411 ὑποκρίσει
1193 4349 1230 4415 ψ)
1249 4355 1365 4413 τέθεικεν,
1389 4355 1477 4416 tradis

263 4426 339 4473 vada
349 4426 417 4475 lario
427 4426 453 4475 in
465 4428 552 4492 Chrys
566 4429 585 4475 l.
592 4445 613 4476 c.
892 4433 938 4490 τὴν
952 4437 1121 4495 marterinis
1135 4434 1228 4484 ἑαυτοῖς
1242 4436 1367 4487 ἐπιθέντες
1382 4454 1475 4500 sposp-

300 4521 321 4553 t·
354 4512 378 4553 et
399 4507 500 4569 nuptias
525 4508 669 4573 dampnarr,
696 4512 755 4575 dcc]
798 4514 840 4564 Ct'.
892 4514 977 4575 yopiav
987 4511 1096 4577 ἄντικρυς
1106 4515 1202 4564 tmrta
1214 4516 1375 4569 διδάσκουσιν.
