3142 5100
136 389 159 454 1.
177 406 203 470 3,
217 388 261 473 4]
490 403 532 454 m
556 405 608 455 re.
632 403 683 486 xo
705 405 939 457 rruorrraurr
963 407 985 456 1.
1300 407 1338 476 7¹

133 576 278 659 postulat
300 573 403 643 ratio?
446 577 614 661 †euidens
630 589 681 644 est
696 580 785 644 enim
802 581 892 664 quod
908 581 1005 654 dixit,
1022 587 1062 645 ut
1081 579 1248 646 denunties
1269 581 1341 664 qui-

133 679 291 756 busdam
324 682 368 744 de
392 682 461 745 suis
486 681 575 746 enim
600 682 634 745 id
661 684 743 748 dicit
773 693 808 748 et
834 704 902 748 non
926 685 970 748 de
993 683 1119 749 alienis.
1164 704 1226 749 nec
1250 686 1339 752 enim

132 783 255 847 exteris
280 783 479 848 denuntiare
505 793 576 848 erat
600 785 780 864 Timothei,
804 795 885 850 tunc
911 787 965 850 uel
996 789 1147 852 maxime
1170 790 1339 872 magistris

131 888 264 970 pietatis
290 908 358 951 non
383 887 491 951 solum
522 889 691 971 increpare
721 889 895 953 contrariis
930 890 1068 974 minime
1093 893 1338 975 usurpantibus,

130 992 188 1054 sed
204 1012 223 1054 e
238 992 405 1054 contrario
420 990 563 1073 plurima
578 991 622 1055 ab
638 991 702 1054 iltis
724 990 816 1055 mala
831 992 1081 1057 sustinentibus.
1126 997 1208 1061 dicit
1224 1006 1337 1064 autem
1375 1011 1391 1078 5

129 1114 196 1157 non
212 1095 335 1158 debere
349 1096 448 1160 aliter
459 1095 571 1172 decere,
588 1098 631 1160 de
652 1096 716 1160 illis
738 1098 852 1161 dicens
867 1097 924 1180 qui
943 1119 988 1162 ex
1003 1098 1252 1165 circumcisione
1269 1123 1338 1166 cre·

71 1275 75 1280 Δ
128 1200 293 1278 diderant‚
324 1201 381 1282 qui
411 1209 446 1263 et
476 1200 582 1264 multa
611 1200 706 1283 quasi
736 1221 798 1284 pro
828 1200 902 1284 lege
926 1200 1102 1284 loquentes
1129 1224 1186 1267 eos
1211 1206 1267 1288 qui
1292 1228 1336 1272 ex

126 1306 285 1388 gentibus
308 1315 402 1368 erant
424 1304 543 1368 docere
570 1304 809 1370 adnitebantur
834 1318 950 1372 contra
974 1307 1143 1372 christiani
1170 1308 1337 1391 dogmatis

126 1406 260 1473 ritum*
305 1416 439 1471 namet
462 1409 496 1471 in
520 1409 677 1472 omnibus
699 1408 849 1492 epistolis
872 1410 1079 1493 propemodo
1103 1410 1240 1476 beatum
1263 1416 1336 1496 quis

126 1513 276 1578 inueniet
304 1511 444 1576 Paulum
466 1513 509 1575 de
532 1510 597 1574 illis
620 1510 764 1594 plurima
785 1512 994 1588 scribentem,
1016 1533 1057 1575 eo
1078 1515 1168 1596 quod
1189 1524 1224 1578 et
1239 1516 1335 1582 multi
1354 1539 1393 1588 10

125 1629 207 1683 tunc
234 1629 338 1693 erant,
369 1617 425 1701 qui
451 1615 641 1680 huiusmodi
672 1617 907 1699 proponebant
936 1617 1144 1696 doctrinam;
1181 1620 1273 1702 quod
1303 1632 1337 1687 et

126 1726 248 1789 melius
277 1744 476 1806 cognoscere
504 1724 578 1807 quis
607 1724 737 1805 poterit,
768 1722 796 1786 si
832 1721 1141 1805 interpretationem
1178 1733 1335 1804 nostram,

124 1851 229 1915 quam
260 1827 504 1912 propemodum
535 1849 594 1912 per
623 1848 741 1892 omnes
765 1827 925 1910 epistolas
955 1827 1145 1910 explicasse
1174 1828 1336 1907 uidemur,

124 1935 301 1998 decurrere
315 1934 465 2010 uoluerit,
482 1934 516 1999 in
539 1934 661 2018 quibus
681 1933 890 1997 ostendimus
912 1931 1049 1995 beatum
1070 1930 1210 1994 Paulum
1231 1932 1337 1996 multa

124 2039 170 2102 de
185 2038 238 2102 his
255 2039 356 2102 tuisse
371 2038 531 2102 locutum.
1354 2053 1366 2098 1
1374 2048 1389 2115 5

192 2142 301 2226 †nam
317 2145 407 2227 quod
423 2145 531 2207 dixit:
546 2164 608 2205 non
625 2140 786 2205 intendere
793 2138 926 2221 fabulis
939 2135 1174 2222 etgenealogizk
1189 2135 1337 2221 definitis,

122 2249 158 2311 in
171 2268 350 2312 commune
359 2249 495 2331 quidem
508 2248 550 2311 de
560 2246 716 2310 omnibus
728 2245 825 2320 dixit,
835 2243 985 2307 maxime
994 2242 1045 2304 his
1057 2242 1114 2325 qui
1125 2261 1169 2304 ex
1181 2243 1337 2325 gentibus

191 2460 295 2538 δῆλον
317 2454 353 2522 δὲ
374 2455 427 2522 δτι
448 2454 486 2521 τὸ
508 2457 559 2520 ina
582 2454 783 2540 ποροττειλιρο
806 2450 878 2518 τιοὶν
903 2449 981 2538 περὶ
1002 2452 1068 2516 τῶν
1088 2449 1216 2518 οἰκείων
1237 2450 1337 2537 λέγει·

123 2560 248 2650 οὐγὰρ
268 2561 307 2643 δὴ
327 2566 395 2631 τοῖς
415 2559 604 2648 ἀλλοτρίοις
623 2557 873 2645 παραγγέλλειν
891 2553 1042 2639 ἠδύνατο,
1061 2553 1251 2623 τούναντίον
1272 2556 1337 2645 γὰρ

124 2665 184 2732 καί
208 2664 325 2730 πολλὰ
347 2662 435 2730 κακὰ
460 2661 619 2746 ὑπέμενον
641 2660 720 2748 παρ’
747 2660 888 2727 ἐκείνων.
942 2658 1034 2744 λε’γει
1057 2657 1091 2726 δὲ
1112 2661 1191 2748 περὶ
1212 2664 1279 2730 τιδν
1301 2665 1338 2731 ἐκ
1351 2682 1393 2730 20

124 2768 315 2852 περιτομῆς,
345 2763 379 2829 οἳ
405 2762 512 2830 πολὺν
542 2762 625 2851 ὑπὲρ
656 2768 715 2829 τοῦ
746 2760 846 2846 νόμον
876 2761 973 2843 δῆθεν
1009 2761 1199 2848 ποιούμενοι
1227 2764 1338 2852 λόγον,

125 2866 203 2938 τοὺς
232 2867 300 2933 ἀπὸ
330 2867 433 2934 ἐθνῶν
456 2867 648 2958 ἐπεχείρουν
674 2864 844 2933 διδάσκειν
870 2864 1002 2932 ἐναντία
1025 2870 1084 2932 τοῦ
1105 2875 1339 2957 χριστιανικοῦ

126 2971 299 3055 δόγματος.

192 3075 282 3160 λέγει
297 3076 415 3144 τοίνυν*
446 3079 566 3144 (πᾶσιν
579 3075 639 3157 μὲν
653 3074 856 3163 ποράγγελε,
871 3072 1122 3158 προηγουμένως
1138 3071 1173 3139 δὲ
1187 3079 1255 3144 τοῖς
1271 3074 1337 3140 ἀπὸ

125 3180 239 3259 ἐθνῶν,
257 3178 303 3263 μὴ
326 3180 507 3270 προσέχειν
529 3185 597 3251 τοῖς
617 3179 733 3263 μύθοις
756 3183 824 3250 τοῖς
846 3177 902 3244 ὑπ’
918 3176 1049 3244 ἐκείνων
1069 3175 1259 3261 λεγομένοις
1280 3179 1337 3246 καὶ
1350 3208 1368 3254 2
1374 3207 1388 3272 5

176 3371 191 3421 5
210 3357 276 3406 male
297 3357 359 3406 CH
363 3373 396 3407 r:
413 3363 453 3405 tx!
459 3355 561 3422 ἔμοιγ’.
573 3358 668 3423 Jacobs]
759 3370 788 3419 ¹7
805 3371 871 3405 max.
887 3355 927 3405 his
938 3355 970 3405 de
980 3354 1030 3405 illis
1044 3353 1114 3404 C‘H
1130 3368 1194 3402 man
1210 3359 1294 3403 autem
1304 3354 1337 3404 de

123 3438 211 3490 fflisc
223 3439 300 3499 (corr)
327 3453 394 3487 max.
405 3439 437 3487 de
449 3438 499 3487 illis
515 3453 541 3486 r:
558 3455 594 3489 see
613 3446 666 3488 note
745 3436 1007 3501 18C0ist204‚1.c.
1074 3450 1105 3501 ογ
1123 3433 1200 3485 Coisl.
1217 3435 1334 3498 204‚l.c.

125 3593 196 3643 ‘The
213 3591 330 3657 Aphad
347 3598 391 3641 not
407 3592 507 3642 studied
529 3608 655 3657 grammru
676 3607 705 3641 or
790 3587 828 3639 16.
864 3603 926 3639 nam
945 3590 1014 3653 qued
1027 3588 1101 3647 dreit,
1120 3588 1178 3651 dac]
1209 3589 1266 3641 The
1283 3590 1333 3642 Gk.

124 3674 241 3733 rhetoric,
256 3688 303 3723 nor
318 3672 363 3722 did
376 3672 408 3722 be
424 3689 465 3722 see
479 3672 507 3723 fit
520 3681 547 3724 to
561 3674 626 3723 avail
639 3673 703 3723 him·
755 3688 835 3722 seems
851 3680 877 3721 to
891 3673 957 3722 have
973 3673 1049 3721 been:
1068 3673 1096 3722 τὸ
1112 3675 1162 3736 γὰρ
1181 3675 1231 3734 ’μὴ
1251 3672 1334 3737 προσέ-

123 3755 176 3805 sels
187 3755 218 3804 oi
231 3754 304 3803 those
320 3760 371 3803 arts
388 3752 414 3802 in
434 3754 477 3804 the
493 3754 661 3818 composition
679 3752 708 3802 of
755 3753 928 3814 χειν’...πᾶσιν
941 3754 985 3813 μὲν
1001 3751 1071 3813 λέγει
1086 3755 1149 3803 κατὰ
1165 3754 1249 3811 κοινόν,
1261 3771 1335 3818 erpon-

124 3832 164 3887 h‘rs
180 3834 302 3902 episues'
338 3836 429 3899 Comp.
442 3847 460 3885 Ι.
475 3850 502 3900 p.
513 3835 581 3885 lxvii.
754 3836 875 3896 γουμίνυς
893 3836 919 3883 dd
938 3835 988 3884 τοῒς
1010 3832 1059 3885 σ’τδ
1082 3833 1164 3897 ἐθνῶν,
1181 3838 1204 3885 o!
1221 3838 1270 3887 τοῖς
1292 3835 1334 3885 ὑπ’

156 3937 179 3980 4.
218 3914 646 3981 usurpamibmJCs.11.p.38,l.
665 3928 702 3978 15,
756 3915 850 3964 ἐκείνων
881 3918 1020 3976 λεγομένοις
1053 3920 1223 3980 προσέχοντες,
1259 3920 1332 3967 κ.τ.λ.

123 4007 194 4051 note.
756 3996 892 4061 DrJacobi
908 4014 965 4061 says
985 3996 1118 4063 (onl.16):
1149 3999 1236 4048 “satis
1252 3999 1342 4049 elucet'

155 4095 179 4146 a
214 4094 276 4129 nam
291 4079 359 4129 etin
373 4094 440 4128 omn.
455 4077 564 4143 epistolis,
579 4076 636 4138 dcc]
662 4076 700 4127 Cf.
755 4079 860 4128 latinum
871 4080 985 4129 codicem
996 4080 1035 4129 his
1046 4080 1109 4129 locis
1125 4095 1176 4129 non
1192 4078 1332 4130 uersionem

116 4165 164 4222 ,tbe
175 4169 324 4229 arguments
335 4168 362 4211 to
371 4160 439 4220 Gal„
452 4160 524 4220 Phil..
538 4160 594 4209 Col.
614 4159 702 4222 Chrys·
754 4161 799 4210 sed
810 4161 972 4226 paraphrasin
988 4160 1071 4225 graeci
1089 4167 1169 4210 textus
1182 4161 1333 4225 praestare.”

121 4247 158 4295 ad
171 4246 239 4295 h.l.:
259 4242 365 4293 ἐνταῦθά
380 4260 441 4292 τινες
460 4239 523 4302 ἦσαν
543 4243 569 4302 ἐξ
581 4239 703 4290 Ἰουδαίων
755 4244 802 4307 My
824 4260 881 4293 own
900 4243 1048 4308 impression
1069 4242 1091 4292 is
1113 4243 1167 4293 that
1194 4243 1214 4292 it
1240 4243 1262 4293 is
1289 4244 1332 4293 the

122 4328 331 4393 ψευδαπόστολοι,
348 4325 492 4387 βουλόμενοι
508 4325 582 4372 πάλιν
601 4324 642 4372 ἐπὶ
660 4324 703 4372 τὸν
754 4328 860 4376 catenist
867 4326 924 4376 who
931 4326 977 4375 has
986 4326 1106 4390 departed
1113 4325 1177 4375 from
1185 4324 1329 4384 hisauthor,

121 4412 191 4469 νόμον
209 4411 292 4458 ἕλκειν
308 4407 364 4456 rods
383 4407 490 4455 πιστούς·
520 4403 704 4466 δτοντοχοῦ
755 4406 790 4469 by
803 4405 977 4470 abbreviating
993 4405 1036 4455 the
1054 4412 1119 4462 text;
1137 4420 1179 4454 see
1196 4415 1215 4453 1.
1227 4419 1252 4468 p.
1266 4420 1330 4454 xxxv

121 4493 173 4541 τῶν
191 4490 365 4540 ἐπιστολῶν
384 4488 525 4534 αἰτιᾶται.
755 4503 793 4550 sq.
829 4484 1015 4549 Παριίγγελείλ
1033 4488 1086 4549 24);
1104 4502 1132 4535 so
1144 4485 1293 4535 thecatena.
