<?xml version="1.0" encoding="UTF-8"?>
<!DOCTYPE html PUBLIC "-//W3C//DTD XHTML 1.0 Transitional//EN"
    "http://www.w3.org/TR/xhtml1/DTD/xhtml1-transitional.dtd">
<html xmlns="http://www.w3.org/1999/xhtml" xml:lang="en" lang="en">
 <head>
  <title>
</title>
<meta http-equiv="Content-Type" content="text/html;charset=utf-8" />
  <meta name='ocr-system' content='tesseract 3.04.00' />
  <meta name='ocr-capabilities' content='ocr_page ocr_carea ocr_par ocr_line ocrx_word'/>
</head>
<body>
  <div class='ocr_page' id='page_1' title='image "./theodoriepiscop00swetgoog_0058.png"; bbox 0 0 3142 5100; ppageno 0'>
   <div class='ocr_carea' id='block_1_1' title="bbox 240 377 1458 462">
    <p class='ocr_par' dir='ltr' id='par_1_1' title="bbox 240 377 1458 462">
     <span class='ocr_line' id='line_1_1' title="bbox 240 377 1458 462; baseline 0.001 -22"><span class='ocrx_word' id='word_1_1' title='bbox 240 389 284 453; x_wconf 83' lang='grc'>44</span> <span class='ocrx_word' id='word_1_2' title='bbox 573 389 801 442; x_wconf 78' lang='lat' dir='ltr'>rimonoaus</span> <span class='ocrx_word' id='word_1_3' title='bbox 825 389 1117 447; x_wconf 75' lang='lat' dir='ltr'>mopsuestenus</span> <span class='ocrx_word' id='word_1_4' title='bbox 1304 377 1458 462; x_wconf 89' lang='lat'>[1·4-7·</span> 
     </span>
    </p>
   </div>
   <div class='ocr_carea' id='block_1_2' title="bbox 242 553 1457 747">
    <p class='ocr_par' dir='ltr' id='par_1_2' title="bbox 242 553 1457 747">
     <span class='ocr_line' id='line_1_2' title="bbox 242 553 1457 661; baseline 0.003 -37"><span class='ocrx_word' id='word_1_5' title='bbox 242 569 351 625; x_wconf 84' lang='lat' dir='ltr'>uestra</span> <span class='ocrx_word' id='word_1_6' title='bbox 364 570 396 625; x_wconf 87' lang='lat' dir='ltr'>et</span> <span class='ocrx_word' id='word_1_7' title='bbox 404 553 477 644; x_wconf 77' lang='lat' dir='ltr'>fida</span> <span class='ocrx_word' id='word_1_8' title='bbox 491 560 526 626; x_wconf 88' lang='lat' dir='ltr'>in</span> <span class='ocrx_word' id='word_1_9' title='bbox 548 563 698 628; x_wconf 84' lang='lat' dir='ltr'>amnibus</span> <span class='ocrx_word' id='word_1_10' title='bbox 708 563 1122 661; x_wconf 35' lang='lat' dir='ltr'>persenatuuibusluestrir</span> <span class='ocrx_word' id='word_1_11' title='bbox 1137 573 1169 629; x_wconf 82' lang='lat' dir='ltr'>at</span> <span class='ocrx_word' id='word_1_12' title='bbox 1189 562 1457 630; x_wconf 79' lang='lat' dir='ltr'><em>tribulationibus</em></span> 
     </span>
     <span class='ocr_line' id='line_1_3' title="bbox 243 666 541 747; baseline 0.01 -17"><span class='ocrx_word' id='word_1_13' title='bbox 243 686 326 747; x_wconf 86' lang='lat' dir='ltr'>quas</span> <span class='ocrx_word' id='word_1_14' title='bbox 339 666 515 733; x_wconf 81' lang='lat' dir='ltr'>sustinetis.</span> <span class='ocrx_word' id='word_1_15' title='bbox 535 684 541 691; x_wconf 84' lang='lat'><strong>·</strong></span> 
     </span>
    </p>
   </div>
   <div class='ocr_carea' id='block_1_3' title="bbox 213 788 1458 1387">
    <p class='ocr_par' dir='ltr' id='par_1_3' title="bbox 213 788 1458 1387">
     <span class='ocr_line' id='line_1_4' title="bbox 309 788 1457 873; baseline -0.001 -19"><span class='ocrx_word' id='word_1_16' title='bbox 309 790 470 873; x_wconf 87' lang='lat' dir='ltr'>‘denique</span> <span class='ocrx_word' id='word_1_17' title='bbox 493 797 539 853; x_wconf 87' lang='lat' dir='ltr'>et</span> <span class='ocrx_word' id='word_1_18' title='bbox 554 810 615 853; x_wconf 93' lang='lat' dir='ltr'>nos</span> <span class='ocrx_word' id='word_1_19' title='bbox 638 789 730 852; x_wconf 92' lang='lat' dir='ltr'>omni</span> <span class='ocrx_word' id='word_1_20' title='bbox 752 788 787 852; x_wconf 93' lang='lat' dir='ltr'>in</span> <span class='ocrx_word' id='word_1_21' title='bbox 808 788 881 853; x_wconf 90' lang='lat' dir='ltr'>loco</span> <span class='ocrx_word' id='word_1_22' title='bbox 900 790 943 853; x_wconf 91' lang='lat' dir='ltr'>de</span> <span class='ocrx_word' id='word_1_23' title='bbox 963 788 1060 854; x_wconf 91' lang='lat' dir='ltr'>uobis</span> <span class='ocrx_word' id='word_1_24' title='bbox 1080 790 1262 873; x_wconf 83' lang='lat' dir='ltr'>gloriantes</span> <span class='ocrx_word' id='word_1_25' title='bbox 1282 789 1457 853; x_wconf 77' lang='lat' dir='ltr'>referimus</span> 
     </span>
     <span class='ocr_line' id='line_1_5' title="bbox 243 889 1457 974; baseline 0.001 -21"><span class='ocrx_word' id='word_1_26' title='bbox 243 889 322 954; x_wconf 88' lang='lat' dir='ltr'>fidei</span> <span class='ocrx_word' id='word_1_27' title='bbox 339 900 470 956; x_wconf 91' lang='lat' dir='ltr'>uestrae</span> <span class='ocrx_word' id='word_1_28' title='bbox 492 889 695 970; x_wconf 87' lang='lat' dir='ltr'>firmitatem,</span> <span class='ocrx_word' id='word_1_29' title='bbox 715 889 899 968; x_wconf 87' lang='lat' dir='ltr'>laudantes,</span> <span class='ocrx_word' id='word_1_30' title='bbox 923 911 964 955; x_wconf 94' lang='lat' dir='ltr'>eo</span> <span class='ocrx_word' id='word_1_31' title='bbox 989 891 1080 974; x_wconf 92' lang='lat' dir='ltr'>quod</span> <span class='ocrx_word' id='word_1_32' title='bbox 1100 901 1135 955; x_wconf 88' lang='lat' dir='ltr'>et</span> <span class='ocrx_word' id='word_1_33' title='bbox 1157 891 1333 955; x_wconf 91' lang='lat' dir='ltr'>tormentis</span> <span class='ocrx_word' id='word_1_34' title='bbox 1353 891 1457 954; x_wconf 88' lang='lat' dir='ltr'>uariis</span> 
     </span>
     <span class='ocr_line' id='line_1_6' title="bbox 213 992 1458 1077; baseline -0.002 -18"><span class='ocrx_word' id='word_1_35' title='bbox 213 994 355 1073; x_wconf 80' lang='lat' dir='ltr'>5affecti</span> <span class='ocrx_word' id='word_1_36' title='bbox 382 994 416 1058; x_wconf 89' lang='lat' dir='ltr'>in</span> <span class='ocrx_word' id='word_1_37' title='bbox 441 994 560 1059; x_wconf 88' lang='lat' dir='ltr'>eodem</span> <span class='ocrx_word' id='word_1_38' title='bbox 587 1002 677 1058; x_wconf 89' lang='lat' dir='ltr'>statu</span> <span class='ocrx_word' id='word_1_39' title='bbox 704 993 952 1077; x_wconf 72' lang='lat' dir='ltr'>permansistis!</span> <span class='ocrx_word' id='word_1_40' title='bbox 996 995 1083 1058; x_wconf 92' lang='lat' dir='ltr'>bene</span> <span class='ocrx_word' id='word_1_41' title='bbox 1112 1002 1225 1057; x_wconf 90' lang='lat' dir='ltr'>autem</span> <span class='ocrx_word' id='word_1_42' title='bbox 1253 992 1342 1057; x_wconf 88' lang='lat' dir='ltr'>dixit</span> <span class='ocrx_word' id='word_1_43' title='bbox 1371 1014 1458 1075; x_wconf 86' lang='lat' dir='ltr'>quas</span> 
     </span>
     <span class='ocr_line' id='line_1_7' title="bbox 242 1096 1456 1182; baseline 0.001 -20"><span class='ocrx_word' id='word_1_44' title='bbox 242 1097 417 1173; x_wconf 72' lang='lat' dir='ltr'>natinetn,</span> <span class='ocrx_word' id='word_1_45' title='bbox 446 1118 487 1161; x_wconf 89' lang='lat' dir='ltr'>eo</span> <span class='ocrx_word' id='word_1_46' title='bbox 516 1097 607 1181; x_wconf 94' lang='lat' dir='ltr'>quod</span> <span class='ocrx_word' id='word_1_47' title='bbox 637 1096 701 1161; x_wconf 92' lang='lat' dir='ltr'>hoc</span> <span class='ocrx_word' id='word_1_48' title='bbox 730 1097 951 1161; x_wconf 87' lang='lat' dir='ltr'>demiratione</span> <span class='ocrx_word' id='word_1_49' title='bbox 980 1100 1120 1182; x_wconf 86' lang='lat' dir='ltr'>dignum</span> <span class='ocrx_word' id='word_1_50' title='bbox 1150 1105 1230 1174; x_wconf 89' lang='lat' dir='ltr'>erat,</span> <span class='ocrx_word' id='word_1_51' title='bbox 1258 1097 1348 1181; x_wconf 92' lang='lat' dir='ltr'>quod</span> <span class='ocrx_word' id='word_1_52' title='bbox 1375 1098 1456 1163; x_wconf 92' lang='lat' dir='ltr'>forti</span> 
     </span>
     <span class='ocr_line' id='line_1_8' title="bbox 244 1199 1456 1284; baseline 0.001 -20"><span class='ocrx_word' id='word_1_53' title='bbox 244 1200 358 1265; x_wconf 88' lang='lat' dir='ltr'>animo</span> <span class='ocrx_word' id='word_1_54' title='bbox 381 1200 582 1263; x_wconf 87' lang='lat' dir='ltr'>sustinerent</span> <span class='ocrx_word' id='word_1_55' title='bbox 606 1199 710 1264; x_wconf 91' lang='lat' dir='ltr'>inlata</span> <span class='ocrx_word' id='word_1_56' title='bbox 733 1199 797 1263; x_wconf 90' lang='lat' dir='ltr'>sibi</span> <span class='ocrx_word' id='word_1_57' title='bbox 823 1207 999 1265; x_wconf 89' lang='lat' dir='ltr'>tormenta.</span> <span class='ocrx_word' id='word_1_58' title='bbox 1043 1200 1166 1264; x_wconf 91' lang='lat' dir='ltr'>deinde</span> <span class='ocrx_word' id='word_1_59' title='bbox 1189 1200 1272 1264; x_wconf 90' lang='lat' dir='ltr'>dicit</span> <span class='ocrx_word' id='word_1_60' title='bbox 1292 1209 1326 1264; x_wconf 90' lang='lat' dir='ltr'>et</span> <span class='ocrx_word' id='word_1_61' title='bbox 1351 1200 1456 1284; x_wconf 90' lang='lat' dir='ltr'>ipsius</span> 
     </span>
     <span class='ocr_line' id='line_1_9' title="bbox 244 1301 626 1387; baseline -0.003 -21"><span class='ocrx_word' id='word_1_62' title='bbox 244 1302 408 1387; x_wconf 81' lang='lat' dir='ltr'>passionis</span> <span class='ocrx_word' id='word_1_63' title='bbox 425 1301 626 1366; x_wconf 86' lang='lat' dir='ltr'>utilitatem:</span> 
     </span>
    </p>
   </div>
   <div class='ocr_carea' id='block_1_4' title="bbox 192 1422 1457 1645">
    <p class='ocr_par' dir='ltr' id='par_1_4' title="bbox 192 1422 1457 1645">
     <span class='ocr_line' id='line_1_10' title="bbox 307 1422 1457 1541; baseline -0.001 -22"><span class='ocrx_word' id='word_1_64' title='bbox 307 1455 608 1521; x_wconf 64' lang='lat' dir='ltr'>damnanationem</span> <span class='ocrx_word' id='word_1_65' title='bbox 635 1458 717 1522; x_wconf 89' lang='lat' dir='ltr'>iusti</span> <span class='ocrx_word' id='word_1_66' title='bbox 735 1455 854 1522; x_wconf 74' lang='lat' dir='ltr'>induit</span> <span class='ocrx_word' id='word_1_67' title='bbox 874 1455 948 1535; x_wconf 83' lang='lat' dir='ltr'>Dei,</span> <span class='ocrx_word' id='word_1_68' title='bbox 972 1466 1012 1520; x_wconf 92' lang='lat' dir='ltr'>ut</span> <span class='ocrx_word' id='word_1_69' title='bbox 1031 1422 1131 1541; x_wconf 80' lang='lat' dir='ltr'>digni</span> <span class='ocrx_word' id='word_1_70' title='bbox 1147 1455 1337 1521; x_wconf 75' lang='lat' dir='ltr'>habeamini</span> <span class='ocrx_word' id='word_1_71' title='bbox 1357 1475 1457 1539; x_wconf 68' lang='lat' dir='ltr'>regnu</span> 
     </span>
     <span class='ocr_line' id='line_1_11' title="bbox 192 1558 683 1645; baseline 0.01 -25"><span class='ocrx_word' id='word_1_72' title='bbox 192 1572 231 1620; x_wconf 88' lang='lat'>10</span> <span class='ocrx_word' id='word_1_73' title='bbox 243 1558 316 1637; x_wconf 79' lang='lat' dir='ltr'>Dei,</span> <span class='ocrx_word' id='word_1_74' title='bbox 324 1571 387 1643; x_wconf 82' lang='lat' dir='ltr'>pro</span> <span class='ocrx_word' id='word_1_75' title='bbox 401 1582 463 1643; x_wconf 85' lang='lat' dir='ltr'>qua</span> <span class='ocrx_word' id='word_1_76' title='bbox 476 1571 508 1625; x_wconf 80' lang='lat' dir='ltr'>et</span> <span class='ocrx_word' id='word_1_77' title='bbox 513 1562 683 1645; x_wconf 83' lang='lat' dir='ltr'>patimini.</span> 
     </span>
    </p>
   </div>
   <div class='ocr_carea' id='block_1_5' title="bbox 193 1680 1457 2184">
    <p class='ocr_par' dir='ltr' id='par_1_5' title="bbox 243 1680 1457 2079">
     <span class='ocr_line' id='line_1_12' title="bbox 309 1680 1457 1766; baseline -0.003 -20"><span class='ocrx_word' id='word_1_78' title='bbox 309 1682 534 1766; x_wconf 89' lang='lat' dir='ltr'>‘adparebitis</span> <span class='ocrx_word' id='word_1_79' title='bbox 557 1685 681 1747; x_wconf 89' lang='lat' dir='ltr'>etenim</span> <span class='ocrx_word' id='word_1_80' title='bbox 706 1683 750 1747; x_wconf 92' lang='lat' dir='ltr'>ob</span> <span class='ocrx_word' id='word_1_81' title='bbox 777 1684 842 1748; x_wconf 90' lang='lat' dir='ltr'>ista</span> <span class='ocrx_word' id='word_1_82' title='bbox 869 1683 901 1745; x_wconf 93' lang='lat' dir='ltr'>in</span> <span class='ocrx_word' id='word_1_83' title='bbox 928 1683 1040 1748; x_wconf 84' lang='lat' dir='ltr'>futuro</span> <span class='ocrx_word' id='word_1_84' title='bbox 1062 1680 1195 1747; x_wconf 87' lang='lat' dir='ltr'>saeculo</span> <span class='ocrx_word' id='word_1_85' title='bbox 1218 1682 1305 1745; x_wconf 84' lang='lat' dir='ltr'>iusta</span> <span class='ocrx_word' id='word_1_86' title='bbox 1325 1681 1457 1744; x_wconf 89' lang='lat' dir='ltr'>ratione</span> 
     </span>
     <span class='ocr_line' id='line_1_13' title="bbox 243 1785 1455 1871; baseline -0.001 -21"><span class='ocrx_word' id='word_1_87' title='bbox 243 1807 382 1871; x_wconf 89' lang='lat' dir='ltr'>regnum</span> <span class='ocrx_word' id='word_1_88' title='bbox 398 1787 565 1851; x_wconf 87' lang='lat' dir='ltr'>caelorum</span> <span class='ocrx_word' id='word_1_89' title='bbox 582 1787 735 1865; x_wconf 84' lang='lat' dir='ltr'>fruentes,</span> <span class='ocrx_word' id='word_1_90' title='bbox 759 1787 786 1850; x_wconf 92' lang='lat' dir='ltr'>si</span> <span class='ocrx_word' id='word_1_91' title='bbox 807 1795 923 1851; x_wconf 91' lang='lat' dir='ltr'>tamen</span> <span class='ocrx_word' id='word_1_92' title='bbox 942 1797 976 1853; x_wconf 91' lang='lat' dir='ltr'>et</span> <span class='ocrx_word' id='word_1_93' title='bbox 991 1808 1053 1871; x_wconf 91' lang='lat' dir='ltr'>pro</span> <span class='ocrx_word' id='word_1_94' title='bbox 1068 1787 1126 1851; x_wconf 91' lang='lat' dir='ltr'>illo</span> <span class='ocrx_word' id='word_1_95' title='bbox 1140 1787 1211 1871; x_wconf 92' lang='lat' dir='ltr'>pati</span> <span class='ocrx_word' id='word_1_96' title='bbox 1227 1785 1455 1870; x_wconf 87' lang='lat' dir='ltr'>adquiescitis‚</span> 
     </span>
     <span class='ocr_line' id='line_1_14' title="bbox 243 1890 1457 1975; baseline 0.001 -20"><span class='ocrx_word' id='word_1_97' title='bbox 243 1910 404 1975; x_wconf 90' lang='lat' dir='ltr'>magnum</span> <span class='ocrx_word' id='word_1_98' title='bbox 430 1891 601 1973; x_wconf 90' lang='lat' dir='ltr'>quoddam</span> <span class='ocrx_word' id='word_1_99' title='bbox 627 1891 754 1955; x_wconf 93' lang='lat' dir='ltr'>bonum</span> <span class='ocrx_word' id='word_1_100' title='bbox 784 1891 1018 1957; x_wconf 86' lang='lat' dir='ltr'>existimantes</span> <span class='ocrx_word' id='word_1_101' title='bbox 1049 1893 1119 1957; x_wconf 92' lang='lat' dir='ltr'>eius</span> <span class='ocrx_word' id='word_1_102' title='bbox 1146 1912 1219 1956; x_wconf 89' lang='lat' dir='ltr'>esse</span> <span class='ocrx_word' id='word_1_103' title='bbox 1242 1890 1457 1957; x_wconf 68' lang='lat' dir='ltr'>fruitionem!</span> 
     </span>
     <span class='ocr_line' id='line_1_15' title="bbox 243 1994 1456 2079; baseline 0 -20"><span class='ocrx_word' id='word_1_104' title='bbox 243 2006 278 2060; x_wconf 89' lang='lat' dir='ltr'>et</span> <span class='ocrx_word' id='word_1_105' title='bbox 301 1996 482 2061; x_wconf 87' lang='lat' dir='ltr'>ostendens</span> <span class='ocrx_word' id='word_1_106' title='bbox 509 1997 668 2079; x_wconf 87' lang='lat' dir='ltr'>quoniam</span> <span class='ocrx_word' id='word_1_107' title='bbox 695 2016 756 2060; x_wconf 93' lang='lat' dir='ltr'>nec</span> <span class='ocrx_word' id='word_1_108' title='bbox 780 1995 979 2059; x_wconf 89' lang='lat' dir='ltr'>aduersariis</span> <span class='ocrx_word' id='word_1_109' title='bbox 1003 1995 1086 2061; x_wconf 90' lang='lat' dir='ltr'>talia</span> <span class='ocrx_word' id='word_1_110' title='bbox 1108 1995 1142 2079; x_wconf 91' lang='lat' dir='ltr'>in</span> <span class='ocrx_word' id='word_1_111' title='bbox 1166 1994 1231 2059; x_wconf 92' lang='lat' dir='ltr'>illis</span> <span class='ocrx_word' id='word_1_112' title='bbox 1254 1994 1456 2060; x_wconf 90' lang='lat' dir='ltr'>facientibus</span> 
     </span>
    </p>

    <p class='ocr_par' dir='ltr' id='par_1_6' title="bbox 193 2100 604 2184">
     <span class='ocr_line' id='line_1_16' title="bbox 193 2100 604 2184; baseline 0.007 -23"><span class='ocrx_word' id='word_1_113' title='bbox 193 2110 228 2177; x_wconf 84' lang='lat'>15</span> <span class='ocrx_word' id='word_1_114' title='bbox 244 2103 305 2167; x_wconf 87' lang='lat' dir='ltr'>erit</span> <span class='ocrx_word' id='word_1_115' title='bbox 321 2103 466 2184; x_wconf 90' lang='lat' dir='ltr'>impune,</span> <span class='ocrx_word' id='word_1_116' title='bbox 482 2100 604 2165; x_wconf 90' lang='lat' dir='ltr'>adicit:</span> 
     </span>
    </p>
   </div>
   <div class='ocr_carea' id='block_1_6' title="bbox 244 2224 1520 2443">
    <p class='ocr_par' dir='ltr' id='par_1_7' title="bbox 244 2224 1520 2443">
     <span class='ocr_line' id='line_1_17' title="bbox 308 2224 1520 2331; baseline 0 -20"><span class='ocrx_word' id='word_1_117' title='bbox 308 2248 341 2311; x_wconf 89' lang='lat' dir='ltr'>si</span> <span class='ocrx_word' id='word_1_118' title='bbox 362 2258 470 2311; x_wconf 84' lang='lat' dir='ltr'>tamen</span> <span class='ocrx_word' id='word_1_119' title='bbox 493 2247 616 2311; x_wconf 83' lang='lat' dir='ltr'>iustum</span> <span class='ocrx_word' id='word_1_120' title='bbox 636 2256 685 2311; x_wconf 84' lang='lat' dir='ltr'>est</span> <span class='ocrx_word' id='word_1_121' title='bbox 704 2248 796 2331; x_wconf 83' lang='lat' dir='ltr'>apud</span> <span class='ocrx_word' id='word_1_122' title='bbox 813 2247 922 2311; x_wconf 83' lang='lat' dir='ltr'>Deum</span> <span class='ocrx_word' id='word_1_123' title='bbox 945 2246 1117 2312; x_wconf 80' lang='lat' dir='ltr'>retnibture</span> <span class='ocrx_word' id='word_1_124' title='bbox 1137 2246 1191 2311; x_wconf 83' lang='lat' dir='ltr'>bis</span> <span class='ocrx_word' id='word_1_125' title='bbox 1212 2246 1272 2330; x_wconf 85' lang='lat' dir='ltr'>qui</span> <span class='ocrx_word' id='word_1_126' title='bbox 1292 2247 1459 2312; x_wconf 84' lang='lat' dir='ltr'>tribulant</span> <span class='ocrx_word' id='word_1_127' title='bbox 1516 2224 1520 2230; x_wconf 31' lang='lat'><strong>¹</strong></span> 
     </span>
     <span class='ocr_line' id='line_1_18' title="bbox 244 2351 1408 2443; baseline -0.001 -26"><span class='ocrx_word' id='word_1_128' title='bbox 244 2374 302 2417; x_wconf 88' lang='lat' dir='ltr'>uos</span> <span class='ocrx_word' id='word_1_129' title='bbox 316 2351 644 2443; x_wconf 64' lang='lat' dir='ltr'>rrtnbulatininm,et</span> <span class='ocrx_word' id='word_1_130' title='bbox 656 2351 754 2431; x_wconf 78' lang='lat' dir='ltr'>uubis,</span> <span class='ocrx_word' id='word_1_131' title='bbox 770 2352 831 2436; x_wconf 87' lang='lat' dir='ltr'>qui</span> <span class='ocrx_word' id='word_1_132' title='bbox 843 2352 1059 2430; x_wconf 82' lang='lat' dir='ltr'>tribulamini,</span> <span class='ocrx_word' id='word_1_133' title='bbox 1076 2352 1216 2435; x_wconf 70' lang='lat' dir='ltr'>aequum</span> <span class='ocrx_word' id='word_1_134' title='bbox 1232 2352 1408 2416; x_wconf 70' lang='lat' dir='ltr'>nobiscum.</span> 
     </span>
    </p>
   </div>
   <div class='ocr_carea' id='block_1_7' title="bbox 310 2469 1512 2557">
    <p class='ocr_par' dir='ltr' id='par_1_8' title="bbox 310 2469 1512 2557">
     <span class='ocr_line' id='line_1_19' title="bbox 310 2469 1512 2557; baseline -0.002 -18"><span class='ocrx_word' id='word_1_135' title='bbox 310 2492 388 2539; x_wconf 89' lang='lat' dir='ltr'>nam</span> <span class='ocrx_word' id='word_1_136' title='bbox 404 2471 494 2557; x_wconf 91' lang='lat' dir='ltr'>quod</span> <span class='ocrx_word' id='word_1_137' title='bbox 510 2471 591 2536; x_wconf 91' lang='lat' dir='ltr'>dicit</span> <span class='ocrx_word' id='word_1_138' title='bbox 604 2471 637 2535; x_wconf 88' lang='lat' dir='ltr'>si</span> <span class='ocrx_word' id='word_1_139' title='bbox 650 2471 773 2536; x_wconf 90' lang='lat' dir='ltr'>iustum</span> <span class='ocrx_word' id='word_1_140' title='bbox 788 2480 842 2550; x_wconf 84' lang='lat' dir='ltr'>est,</span> <span class='ocrx_word' id='word_1_141' title='bbox 858 2471 922 2535; x_wconf 90' lang='lat' dir='ltr'>hoc</span> <span class='ocrx_word' id='word_1_142' title='bbox 945 2471 1046 2536; x_wconf 87' lang='lat' dir='ltr'>dicit:</span> <span class='ocrx_word' id='word_1_143' title='bbox 1067 2469 1101 2534; x_wconf 86' lang='lat' dir='ltr'>si</span> <span class='ocrx_word' id='word_1_144' title='bbox 1121 2480 1229 2535; x_wconf 80' lang='lat' dir='ltr'>tamen</span> <span class='ocrx_word' id='word_1_145' title='bbox 1251 2470 1378 2535; x_wconf 89' lang='lat' dir='ltr'>iustum</span> <span class='ocrx_word' id='word_1_146' title='bbox 1399 2482 1456 2538; x_wconf 84' lang='lat' dir='ltr'>est.</span> <span class='ocrx_word' id='word_1_147' title='bbox 1508 2485 1512 2491; x_wconf 60' lang='lat'><em>⁴</em></span> 
     </span>
    </p>
   </div>
   <div class='ocr_carea' id='block_1_8' title="bbox 245 2603 1456 2850">
    <p class='ocr_par' dir='ltr' id='par_1_9' title="bbox 245 2603 1456 2850">
     <span class='ocr_line' id='line_1_20' title="bbox 295 2603 1456 2702; baseline -0.002 -16"><span class='ocrx_word' id='word_1_148' title='bbox 295 2651 308 2700; x_wconf 79' lang='lat'><strong>7</strong></span> <span class='ocrx_word' id='word_1_149' title='bbox 325 2637 352 2686; x_wconf 73' lang='lat' dir='ltr'>tn</span> <span class='ocrx_word' id='word_1_150' title='bbox 364 2636 505 2702; x_wconf 60' lang='lat' dir='ltr'>(aarum.)</span> <span class='ocrx_word' id='word_1_151' title='bbox 516 2635 569 2685; x_wconf 75' lang='lat' dir='ltr'>aaa</span> <span class='ocrx_word' id='word_1_152' title='bbox 579 2634 615 2685; x_wconf 76' lang='lat' dir='ltr'>c*</span> <span class='ocrx_word' id='word_1_153' title='bbox 729 2648 745 2699; x_wconf 85' lang='lat'>9</span> <span class='ocrx_word' id='word_1_154' title='bbox 762 2635 789 2684; x_wconf 77' lang='lat' dir='ltr'>u</span> <span class='ocrx_word' id='word_1_155' title='bbox 801 2631 1004 2699; x_wconf 65' lang='lat' dir='ltr'>(resecanur.)</span> <span class='ocrx_word' id='word_1_156' title='bbox 1015 2603 1092 2684; x_wconf 75' lang='lat' dir='ltr'>adar</span> <span class='ocrx_word' id='word_1_157' title='bbox 1209 2650 1236 2684; x_wconf 71' lang='grc' dir='ltr'><strong>η</strong></span> <span class='ocrx_word' id='word_1_158' title='bbox 1254 2647 1332 2699; x_wconf 59' lang='lat' dir='ltr'>igno</span> <span class='ocrx_word' id='word_1_159' title='bbox 1346 2635 1456 2695; x_wconf 69' lang='lat' dir='ltr'>enarr)</span> 
     </span>
     <span class='ocr_line' id='line_1_21' title="bbox 247 2714 1455 2783; baseline -0.004 -14"><span class='ocrx_word' id='word_1_160' title='bbox 247 2734 276 2783; x_wconf 79' lang='lat'>13</span> <span class='ocrx_word' id='word_1_161' title='bbox 293 2718 346 2769; x_wconf 86' lang='lat' dir='ltr'>eius</span> <span class='ocrx_word' id='word_1_162' title='bbox 356 2733 395 2768; x_wconf 84' lang='lat' dir='ltr'>om</span> <span class='ocrx_word' id='word_1_163' title='bbox 406 2734 423 2766; x_wconf 89' lang='lat' dir='ltr'>r</span> <span class='ocrx_word' id='word_1_164' title='bbox 436 2716 441 2782; x_wconf 85' lang='grc' dir='ltr'>Ι</span> <span class='ocrx_word' id='word_1_165' title='bbox 454 2716 570 2767; x_wconf 77' lang='lat' dir='ltr'>fruitione</span> <span class='ocrx_word' id='word_1_166' title='bbox 581 2734 597 2766; x_wconf 84' lang='lat' dir='ltr'>r</span> <span class='ocrx_word' id='word_1_167' title='bbox 695 2728 724 2779; x_wconf 84' lang='lat'>17</span> <span class='ocrx_word' id='word_1_168' title='bbox 742 2715 929 2765; x_wconf 83' lang='lat' dir='ltr'>tribulationem</span> <span class='ocrx_word' id='word_1_169' title='bbox 942 2716 990 2764; x_wconf 85' lang='lat' dir='ltr'>Cr</span> <span class='ocrx_word' id='word_1_170' title='bbox 1089 2715 1119 2764; x_wconf 86' lang='lat'>18</span> <span class='ocrx_word' id='word_1_171' title='bbox 1135 2729 1194 2763; x_wconf 88' lang='lat' dir='ltr'>nam</span> <span class='ocrx_word' id='word_1_172' title='bbox 1210 2715 1279 2779; x_wconf 91' lang='lat' dir='ltr'>quod</span> <span class='ocrx_word' id='word_1_173' title='bbox 1290 2714 1317 2764; x_wconf 85' lang='lat' dir='ltr'>d.</span> <span class='ocrx_word' id='word_1_174' title='bbox 1328 2715 1350 2764; x_wconf 93' lang='lat' dir='ltr'>si</span> <span class='ocrx_word' id='word_1_175' title='bbox 1361 2715 1455 2765; x_wconf 86' lang='lat' dir='ltr'>iustum</span> 
     </span>
     <span class='ocr_line' id='line_1_22' title="bbox 245 2797 718 2850; baseline -0.004 -1"><span class='ocrx_word' id='word_1_176' title='bbox 245 2815 266 2850; x_wconf 76' lang='lat' dir='ltr'>e</span> <span class='ocrx_word' id='word_1_177' title='bbox 279 2799 305 2848; x_wconf 91' lang='lat' dir='ltr'>h.</span> <span class='ocrx_word' id='word_1_178' title='bbox 317 2800 343 2849; x_wconf 86' lang='lat' dir='ltr'>d.</span> <span class='ocrx_word' id='word_1_179' title='bbox 355 2798 376 2848; x_wconf 92' lang='lat' dir='ltr'>si</span> <span class='ocrx_word' id='word_1_180' title='bbox 387 2806 472 2849; x_wconf 84' lang='lat' dir='ltr'>tamen</span> <span class='ocrx_word' id='word_1_181' title='bbox 483 2798 575 2848; x_wconf 87' lang='lat' dir='ltr'>iustum</span> <span class='ocrx_word' id='word_1_182' title='bbox 586 2806 623 2848; x_wconf 89' lang='lat' dir='ltr'>est</span> <span class='ocrx_word' id='word_1_183' title='bbox 633 2813 673 2847; x_wconf 86' lang='lat' dir='ltr'>om</span> <span class='ocrx_word' id='word_1_184' title='bbox 684 2797 718 2847; x_wconf 91' lang='lat' dir='ltr'><em>H</em></span> 
     </span>
    </p>
   </div>
   <div class='ocr_carea' id='block_1_9' title="bbox 245 2926 1457 4539">
    <p class='ocr_par' dir='ltr' id='par_1_10' title="bbox 245 2926 1455 3319">
     <span class='ocr_line' id='line_1_23' title="bbox 277 2926 1390 2996; baseline -0.005 -15"><span class='ocrx_word' id='word_1_185' title='bbox 277 2929 302 2981; x_wconf 90' lang='grc'>6.</span> <span class='ocrx_word' id='word_1_186' title='bbox 335 2946 361 2980; x_wconf 84' lang='lat' dir='ltr'>eo</span> <span class='ocrx_word' id='word_1_187' title='bbox 376 2930 497 2996; x_wconf 76' lang='lat' dir='ltr'>quadiu</span> <span class='ocrx_word' id='word_1_188' title='bbox 512 2930 681 2992; x_wconf 78' lang='lat' dir='ltr'>demiratum,</span> <span class='ocrx_word' id='word_1_189' title='bbox 695 2928 753 2992; x_wconf 74' lang='lat' dir='ltr'>dre]</span> <span class='ocrx_word' id='word_1_190' title='bbox 776 2929 823 2979; x_wconf 86' lang='lat' dir='ltr'>Le.</span> <span class='ocrx_word' id='word_1_191' title='bbox 871 2928 956 2993; x_wconf 84' lang='lat' dir='ltr'>jected</span> <span class='ocrx_word' id='word_1_192' title='bbox 966 2928 1123 2993; x_wconf 79' lang='lat' dir='ltr'>byareader</span> <span class='ocrx_word' id='word_1_193' title='bbox 1133 2926 1163 2978; x_wconf 89' lang='lat' dir='ltr'>of</span> <span class='ocrx_word' id='word_1_194' title='bbox 1171 2928 1222 2978; x_wconf 89' lang='lat' dir='ltr'>this</span> <span class='ocrx_word' id='word_1_195' title='bbox 1233 2928 1390 2977; x_wconf 85' lang='lat' dir='ltr'>translation.</span> 
     </span>
     <span class='ocr_line' id='line_1_24' title="bbox 245 3009 1455 3076; baseline -0.003 -15"><span class='ocrx_word' id='word_1_196' title='bbox 245 3012 283 3063; x_wconf 79' lang='lat' dir='ltr'>alr</span> <span class='ocrx_word' id='word_1_197' title='bbox 291 3009 409 3074; x_wconf 74' lang='grc' dir='ltr'>ἀνέχεσθε</span> <span class='ocrx_word' id='word_1_198' title='bbox 420 3013 442 3063; x_wconf 87' lang='lat' dir='ltr'>is</span> <span class='ocrx_word' id='word_1_199' title='bbox 452 3020 497 3063; x_wconf 88' lang='lat' dir='ltr'>not</span> <span class='ocrx_word' id='word_1_200' title='bbox 505 3012 592 3074; x_wconf 85' lang='lat' dir='ltr'>otiose,</span> <span class='ocrx_word' id='word_1_201' title='bbox 603 3012 648 3063; x_wconf 91' lang='lat' dir='ltr'>but</span> <span class='ocrx_word' id='word_1_202' title='bbox 660 3012 723 3062; x_wconf 86' lang='lat' dir='ltr'>adds</span> <span class='ocrx_word' id='word_1_203' title='bbox 731 3011 825 3076; x_wconf 89' lang='lat' dir='ltr'>weight</span> <span class='ocrx_word' id='word_1_204' title='bbox 910 3012 947 3062; x_wconf 88' lang='lat'>18.</span> <span class='ocrx_word' id='word_1_205' title='bbox 970 3012 1008 3060; x_wconf 84' lang='lat' dir='ltr'>‘si</span> <span class='ocrx_word' id='word_1_206' title='bbox 1016 3013 1110 3060; x_wconf 84' lang='lat' dir='ltr'>iustum</span> <span class='ocrx_word' id='word_1_207' title='bbox 1121 3010 1172 3071; x_wconf 57' lang='grc' dir='ltr'>οἱ]</span> <span class='ocrx_word' id='word_1_208' title='bbox 1182 3009 1239 3072; x_wconf 74' lang='lat' dir='ltr'>dre]</span> <span class='ocrx_word' id='word_1_209' title='bbox 1257 3011 1346 3072; x_wconf 77' lang='grc' dir='ltr'>τὸγὰρ</span> <span class='ocrx_word' id='word_1_210' title='bbox 1360 3011 1455 3071; x_wconf 69' lang='grc' dir='ltr'>*εἴπερ</span> 
     </span>
     <span class='ocr_line' id='line_1_25' title="bbox 245 3089 1455 3159; baseline -0.003 -16"><span class='ocrx_word' id='word_1_211' title='bbox 245 3093 297 3143; x_wconf 85' lang='lat' dir='ltr'>and</span> <span class='ocrx_word' id='word_1_212' title='bbox 314 3092 385 3158; x_wconf 89' lang='lat' dir='ltr'>point</span> <span class='ocrx_word' id='word_1_213' title='bbox 400 3101 427 3143; x_wconf 91' lang='lat' dir='ltr'>to</span> <span class='ocrx_word' id='word_1_214' title='bbox 442 3092 569 3153; x_wconf 74' lang='grc' dir='ltr'>ὑπομονῆς,</span> <span class='ocrx_word' id='word_1_215' title='bbox 583 3095 655 3143; x_wconf 63' lang='lat' dir='ltr'>aaa</span> <span class='ocrx_word' id='word_1_216' title='bbox 672 3093 823 3159; x_wconf 86' lang='lat' dir='ltr'>(‘persever·</span> <span class='ocrx_word' id='word_1_217' title='bbox 874 3090 975 3142; x_wconf 56' lang='grc' dir='ltr'>ἄκου’</span> <span class='ocrx_word' id='word_1_218' title='bbox 991 3092 1067 3153; x_wconf 67' lang='grc' dir='ltr'>φησὶν</span> <span class='ocrx_word' id='word_1_219' title='bbox 1086 3092 1165 3155; x_wconf 67' lang='lat' dir='ltr'>‘elye</span> <span class='ocrx_word' id='word_1_220' title='bbox 1182 3089 1288 3140; x_wconf 61' lang='grc' dir='ltr'>δίκαιον)</span> <span class='ocrx_word' id='word_1_221' title='bbox 1321 3091 1352 3141; x_wconf 89' lang='lat' dir='ltr'>Si</span> <span class='ocrx_word' id='word_1_222' title='bbox 1370 3098 1455 3140; x_wconf 84' lang='lat' dir='ltr'>tamen</span> 
     </span>
     <span class='ocr_line' id='line_1_26' title="bbox 245 3172 1455 3237; baseline -0.002 -14"><span class='ocrx_word' id='word_1_223' title='bbox 245 3175 307 3224; x_wconf 75' lang='lat' dir='ltr'>unce</span> <span class='ocrx_word' id='word_1_224' title='bbox 319 3175 370 3224; x_wconf 89' lang='lat' dir='ltr'>and</span> <span class='ocrx_word' id='word_1_225' title='bbox 389 3174 451 3224; x_wconf 82' lang='lat' dir='ltr'>saith</span> <span class='ocrx_word' id='word_1_226' title='bbox 468 3173 574 3224; x_wconf 83' lang='lat' dir='ltr'>evinecd</span> <span class='ocrx_word' id='word_1_227' title='bbox 588 3175 622 3237; x_wconf 81' lang='lat' dir='ltr'>by</span> <span class='ocrx_word' id='word_1_228' title='bbox 633 3174 676 3225; x_wconf 90' lang='lat' dir='ltr'>the</span> <span class='ocrx_word' id='word_1_229' title='bbox 686 3175 763 3224; x_wconf 79' lang='lat' dir='ltr'>breve</span> <span class='ocrx_word' id='word_1_230' title='bbox 780 3189 824 3224; x_wconf 86' lang='lat' dir='ltr'>en·</span> <span class='ocrx_word' id='word_1_231' title='bbox 874 3173 895 3224; x_wconf 92' lang='lat' dir='ltr'>is</span> <span class='ocrx_word' id='word_1_232' title='bbox 914 3175 940 3224; x_wconf 92' lang='lat' dir='ltr'>in</span> <span class='ocrx_word' id='word_1_233' title='bbox 960 3189 1007 3224; x_wconf 91' lang='lat' dir='ltr'>our</span> <span class='ocrx_word' id='word_1_234' title='bbox 1022 3172 1174 3224; x_wconf 84' lang='lat' dir='ltr'>translator&#39;s</span> <span class='ocrx_word' id='word_1_235' title='bbox 1190 3176 1288 3223; x_wconf 83' lang='lat' dir='ltr'>version</span> <span class='ocrx_word' id='word_1_236' title='bbox 1306 3173 1336 3222; x_wconf 89' lang='lat' dir='ltr'>of</span> <span class='ocrx_word' id='word_1_237' title='bbox 1349 3173 1375 3223; x_wconf 89' lang='lat' dir='ltr'>S.</span> <span class='ocrx_word' id='word_1_238' title='bbox 1392 3173 1455 3221; x_wconf 86' lang='lat' dir='ltr'>Paul</span> 
     </span>
     <span class='ocr_line' id='line_1_27' title="bbox 245 3251 1454 3319; baseline -0.005 -13"><span class='ocrx_word' id='word_1_239' title='bbox 245 3256 355 3306; x_wconf 87' lang='lat' dir='ltr'>durance</span> <span class='ocrx_word' id='word_1_240' title='bbox 367 3256 396 3306; x_wconf 86' lang='lat' dir='ltr'>of</span> <span class='ocrx_word' id='word_1_241' title='bbox 403 3254 552 3319; x_wconf 82' lang='lat' dir='ltr'>suffering’).</span> <span class='ocrx_word' id='word_1_242' title='bbox 873 3254 917 3303; x_wconf 87' lang='lat' dir='ltr'>the</span> <span class='ocrx_word' id='word_1_243' title='bbox 931 3254 1029 3317; x_wconf 86' lang='lat' dir='ltr'>regular</span> <span class='ocrx_word' id='word_1_244' title='bbox 1044 3253 1187 3318; x_wconf 80' lang='lat' dir='ltr'>equivalent</span> <span class='ocrx_word' id='word_1_245' title='bbox 1200 3253 1230 3302; x_wconf 89' lang='lat' dir='ltr'>of</span> <span class='ocrx_word' id='word_1_246' title='bbox 1243 3254 1303 3314; x_wconf 67' lang='lat' dir='ltr'>elye,</span> <span class='ocrx_word' id='word_1_247' title='bbox 1318 3252 1376 3302; x_wconf 88' lang='lat' dir='ltr'>Gal.</span> <span class='ocrx_word' id='word_1_248' title='bbox 1388 3251 1422 3301; x_wconf 89' lang='lat' dir='ltr'>iii.</span> <span class='ocrx_word' id='word_1_249' title='bbox 1437 3272 1454 3314; x_wconf 84' lang='lat'>4</span> 
     </span>
    </p>

    <p class='ocr_par' dir='ltr' id='par_1_11' title="bbox 246 3333 1455 3565">
     <span class='ocr_line' id='line_1_28' title="bbox 279 3333 1455 3401; baseline -0.003 -15"><span class='ocrx_word' id='word_1_250' title='bbox 279 3352 302 3401; x_wconf 90' lang='lat'>9.</span> <span class='ocrx_word' id='word_1_251' title='bbox 338 3336 577 3399; x_wconf 69' lang='lat' dir='ltr'>demonstrationem]</span> <span class='ocrx_word' id='word_1_252' title='bbox 614 3338 692 3398; x_wconf 80' lang='lat' dir='ltr'>Tert,</span> <span class='ocrx_word' id='word_1_253' title='bbox 718 3341 824 3388; x_wconf 86' lang='lat' dir='ltr'>“osten·</span> <span class='ocrx_word' id='word_1_254' title='bbox 873 3334 950 3398; x_wconf 84' lang='lat' dir='ltr'>being</span> <span class='ocrx_word' id='word_1_255' title='bbox 965 3334 1009 3383; x_wconf 88' lang='lat' dir='ltr'>the</span> <span class='ocrx_word' id='word_1_256' title='bbox 1021 3335 1081 3399; x_wconf 86' lang='lat' dir='ltr'>only</span> <span class='ocrx_word' id='word_1_257' title='bbox 1095 3334 1236 3400; x_wconf 85' lang='lat' dir='ltr'>exception.</span> <span class='ocrx_word' id='word_1_258' title='bbox 1271 3334 1302 3383; x_wconf 89' lang='lat' dir='ltr'>In</span> <span class='ocrx_word' id='word_1_259' title='bbox 1317 3333 1367 3383; x_wconf 90' lang='lat' dir='ltr'>this</span> <span class='ocrx_word' id='word_1_260' title='bbox 1382 3334 1455 3397; x_wconf 86' lang='lat' dir='ltr'>place</span> 
     </span>
     <span class='ocr_line' id='line_1_29' title="bbox 247 3416 1455 3482; baseline -0.001 -15"><span class='ocrx_word' id='word_1_261' title='bbox 247 3417 366 3479; x_wconf 85' lang='lat' dir='ltr'>tamen&#39;‘;</span> <span class='ocrx_word' id='word_1_262' title='bbox 390 3418 525 3479; x_wconf 68' lang='lat' dir='ltr'>Ambrae,</span> <span class='ocrx_word' id='word_1_263' title='bbox 551 3418 638 3482; x_wconf 83' lang='lat' dir='ltr'>Vulg.‚</span> <span class='ocrx_word' id='word_1_264' title='bbox 664 3418 716 3467; x_wconf 86' lang='lat' dir='ltr'>“in</span> <span class='ocrx_word' id='word_1_265' title='bbox 740 3434 823 3467; x_wconf 80' lang='lat' dir='ltr'>exem·</span> <span class='ocrx_word' id='word_1_266' title='bbox 872 3416 905 3466; x_wconf 90' lang='lat' dir='ltr'>he</span> <span class='ocrx_word' id='word_1_267' title='bbox 927 3418 973 3467; x_wconf 89' lang='lat' dir='ltr'>has</span> <span class='ocrx_word' id='word_1_268' title='bbox 992 3417 1110 3467; x_wconf 83' lang='lat' dir='ltr'>followed</span> <span class='ocrx_word' id='word_1_269' title='bbox 1129 3418 1173 3468; x_wconf 91' lang='lat' dir='ltr'>the</span> <span class='ocrx_word' id='word_1_270' title='bbox 1197 3417 1272 3467; x_wconf 89' lang='lat' dir='ltr'>Latin</span> <span class='ocrx_word' id='word_1_271' title='bbox 1292 3416 1405 3468; x_wconf 80' lang='lat' dir='ltr'>versions</span> <span class='ocrx_word' id='word_1_272' title='bbox 1426 3417 1455 3466; x_wconf 90' lang='lat' dir='ltr'>in</span> 
     </span>
     <span class='ocr_line' id='line_1_30' title="bbox 246 3498 1455 3565; baseline 0.001 -17"><span class='ocrx_word' id='word_1_273' title='bbox 246 3498 341 3564; x_wconf 88' lang='lat' dir='ltr'>plum.”</span> <span class='ocrx_word' id='word_1_274' title='bbox 873 3501 992 3565; x_wconf 86' lang='lat' dir='ltr'>allowing</span> <span class='ocrx_word' id='word_1_275' title='bbox 1009 3500 1028 3550; x_wconf 91' lang='lat' dir='ltr'>it</span> <span class='ocrx_word' id='word_1_276' title='bbox 1048 3507 1075 3550; x_wconf 91' lang='lat' dir='ltr'>to</span> <span class='ocrx_word' id='word_1_277' title='bbox 1095 3502 1167 3550; x_wconf 89' lang='lat' dir='ltr'>stand</span> <span class='ocrx_word' id='word_1_278' title='bbox 1190 3501 1229 3551; x_wconf 88' lang='lat' dir='ltr'>for</span> <span class='ocrx_word' id='word_1_279' title='bbox 1247 3502 1323 3562; x_wconf 74' lang='grc' dir='ltr'>εἴπερ,</span> <span class='ocrx_word' id='word_1_280' title='bbox 1344 3501 1390 3550; x_wconf 91' lang='lat' dir='ltr'>but</span> <span class='ocrx_word' id='word_1_281' title='bbox 1410 3499 1455 3549; x_wconf 90' lang='lat' dir='ltr'>the</span> 
     </span>
    </p>

    <p class='ocr_par' dir='ltr' id='par_1_12' title="bbox 246 3572 1457 4539">
     <span class='ocr_line' id='line_1_31' title="bbox 283 3572 1456 3648; baseline 0.001 -21"><span class='ocrx_word' id='word_1_282' title='bbox 283 3578 320 3628; x_wconf 82' lang='lat'>16.</span> <span class='ocrx_word' id='word_1_283' title='bbox 354 3572 450 3643; x_wconf 65' lang='lat' dir='ltr'>inqui</span> <span class='ocrx_word' id='word_1_284' title='bbox 463 3577 721 3639; x_wconf 62' lang='lat' dir='ltr'>tribunatusnam]</span> <span class='ocrx_word' id='word_1_285' title='bbox 736 3578 823 3642; x_wconf 73' lang='lat' dir='ltr'>Vulg,</span> <span class='ocrx_word' id='word_1_286' title='bbox 873 3590 1007 3641; x_wconf 88' lang='lat' dir='ltr'>comment,</span> <span class='ocrx_word' id='word_1_287' title='bbox 1034 3581 1118 3631; x_wconf 87' lang='lat' dir='ltr'>which</span> <span class='ocrx_word' id='word_1_288' title='bbox 1139 3582 1226 3648; x_wconf 88' lang='lat' dir='ltr'>brings</span> <span class='ocrx_word' id='word_1_289' title='bbox 1250 3584 1365 3648; x_wconf 80' lang='lat' dir='ltr'>together</span> <span class='ocrx_word' id='word_1_290' title='bbox 1386 3583 1456 3642; x_wconf 72' lang='grc' dir='ltr'>εἴπερ</span> 
     </span>
     <span class='ocr_line' id='line_1_32' title="bbox 250 3657 1454 3730; baseline 0.001 -20"><span class='ocrx_word' id='word_1_291' title='bbox 250 3660 462 3710; x_wconf 86' lang='lat' dir='ltr'>“tribulationem</span> <span class='ocrx_word' id='word_1_292' title='bbox 484 3659 524 3709; x_wconf 87' lang='lat' dir='ltr'>his</span> <span class='ocrx_word' id='word_1_293' title='bbox 546 3660 589 3724; x_wconf 90' lang='lat' dir='ltr'>qui</span> <span class='ocrx_word' id='word_1_294' title='bbox 610 3675 656 3708; x_wconf 90' lang='lat' dir='ltr'>uos</span> <span class='ocrx_word' id='word_1_295' title='bbox 679 3657 824 3708; x_wconf 85' lang='lat' dir='ltr'>tribulant.”</span> <span class='ocrx_word' id='word_1_296' title='bbox 874 3663 924 3711; x_wconf 86' lang='lat' dir='ltr'>and</span> <span class='ocrx_word' id='word_1_297' title='bbox 950 3665 1010 3725; x_wconf 59' lang='lat' dir='ltr'>elye,</span> <span class='ocrx_word' id='word_1_298' title='bbox 1032 3664 1078 3713; x_wconf 90' lang='lat' dir='ltr'>has</span> <span class='ocrx_word' id='word_1_299' title='bbox 1098 3665 1239 3730; x_wconf 87' lang='lat' dir='ltr'>compelled</span> <span class='ocrx_word' id='word_1_300' title='bbox 1258 3664 1312 3714; x_wconf 90' lang='lat' dir='ltr'>him</span> <span class='ocrx_word' id='word_1_301' title='bbox 1333 3672 1359 3714; x_wconf 88' lang='lat' dir='ltr'>to</span> <span class='ocrx_word' id='word_1_302' title='bbox 1378 3664 1454 3713; x_wconf 89' lang='lat' dir='ltr'>relin-</span> 
     </span>
     <span class='ocr_line' id='line_1_33' title="bbox 247 3740 1457 3808; baseline -0.001 -15"><span class='ocrx_word' id='word_1_303' title='bbox 247 3742 302 3793; x_wconf 90' lang='lat' dir='ltr'>Our</span> <span class='ocrx_word' id='word_1_304' title='bbox 313 3742 454 3800; x_wconf 85' lang='lat' dir='ltr'>translator,</span> <span class='ocrx_word' id='word_1_305' title='bbox 463 3741 525 3790; x_wconf 92' lang='lat' dir='ltr'>with</span> <span class='ocrx_word' id='word_1_306' title='bbox 535 3741 578 3790; x_wconf 92' lang='lat' dir='ltr'>the</span> <span class='ocrx_word' id='word_1_307' title='bbox 587 3740 620 3790; x_wconf 93' lang='lat'>0.</span> <span class='ocrx_word' id='word_1_308' title='bbox 629 3741 670 3798; x_wconf 70' lang='lat' dir='ltr'>L,</span> <span class='ocrx_word' id='word_1_309' title='bbox 678 3741 769 3791; x_wconf 88' lang='lat' dir='ltr'>retains</span> <span class='ocrx_word' id='word_1_310' title='bbox 780 3741 824 3791; x_wconf 89' lang='lat' dir='ltr'>the</span> <span class='ocrx_word' id='word_1_311' title='bbox 873 3742 946 3806; x_wconf 89' lang='lat' dir='ltr'>quish</span> <span class='ocrx_word' id='word_1_312' title='bbox 966 3743 1016 3792; x_wconf 90' lang='lat' dir='ltr'>this</span> <span class='ocrx_word' id='word_1_313' title='bbox 1034 3744 1175 3808; x_wconf 82' lang='lat' dir='ltr'>rendering.</span> <span class='ocrx_word' id='word_1_314' title='bbox 1209 3744 1251 3794; x_wconf 90' lang='lat' dir='ltr'>On</span> <span class='ocrx_word' id='word_1_315' title='bbox 1273 3746 1316 3794; x_wconf 87' lang='lat' dir='ltr'>the</span> <span class='ocrx_word' id='word_1_316' title='bbox 1335 3745 1457 3808; x_wconf 82' lang='lat' dir='ltr'>meaning</span> 
     </span>
     <span class='ocr_line' id='line_1_34' title="bbox 246 3822 1456 3890; baseline 0.002 -17"><span class='ocrx_word' id='word_1_317' title='bbox 246 3825 321 3874; x_wconf 87' lang='lat' dir='ltr'>order</span> <span class='ocrx_word' id='word_1_318' title='bbox 331 3824 360 3872; x_wconf 88' lang='lat' dir='ltr'>of</span> <span class='ocrx_word' id='word_1_319' title='bbox 368 3823 469 3873; x_wconf 88' lang='lat' dir='ltr'>theGk.</span> <span class='ocrx_word' id='word_1_320' title='bbox 478 3822 706 3885; x_wconf 80' lang='lat' dir='ltr'>Retrr&#39;bulationem,</span> <span class='ocrx_word' id='word_1_321' title='bbox 717 3823 822 3872; x_wconf 87' lang='lat' dir='ltr'>whichl</span> <span class='ocrx_word' id='word_1_322' title='bbox 873 3823 903 3873; x_wconf 92' lang='lat' dir='ltr'>of</span> <span class='ocrx_word' id='word_1_323' title='bbox 919 3825 970 3885; x_wconf 75' lang='grc' dir='ltr'>εἴγε</span> <span class='ocrx_word' id='word_1_324' title='bbox 987 3840 1028 3874; x_wconf 89' lang='lat' dir='ltr'>see</span> <span class='ocrx_word' id='word_1_325' title='bbox 1048 3838 1067 3874; x_wconf 91' lang='lat'>1.</span> <span class='ocrx_word' id='word_1_326' title='bbox 1087 3842 1114 3890; x_wconf 87' lang='lat' dir='ltr'>p.</span> <span class='ocrx_word' id='word_1_327' title='bbox 1134 3837 1189 3888; x_wconf 75' lang='lat'>172,</span> <span class='ocrx_word' id='word_1_328' title='bbox 1209 3826 1225 3876; x_wconf 90' lang='lat' dir='ltr'>l.</span> <span class='ocrx_word' id='word_1_329' title='bbox 1251 3841 1289 3889; x_wconf 79' lang='lat'>13,</span> <span class='ocrx_word' id='word_1_330' title='bbox 1309 3834 1382 3885; x_wconf 80' lang='lat' dir='ltr'>note3</span> <span class='ocrx_word' id='word_1_331' title='bbox 1402 3826 1456 3875; x_wconf 87' lang='lat' dir='ltr'>and</span> 
     </span>
     <span class='ocr_line' id='line_1_35' title="bbox 247 3903 1455 3968; baseline 0 -14"><span class='ocrx_word' id='word_1_332' title='bbox 247 3906 311 3955; x_wconf 88' lang='lat' dir='ltr'>have</span> <span class='ocrx_word' id='word_1_333' title='bbox 332 3905 442 3968; x_wconf 88' lang='lat' dir='ltr'>adopted</span> <span class='ocrx_word' id='word_1_334' title='bbox 459 3904 524 3953; x_wconf 88' lang='lat' dir='ltr'>from</span> <span class='ocrx_word' id='word_1_335' title='bbox 542 3904 579 3963; x_wconf 90' lang='lat' dir='ltr'>H,</span> <span class='ocrx_word' id='word_1_336' title='bbox 600 3905 687 3953; x_wconf 83' lang='lat' dir='ltr'>recails</span> <span class='ocrx_word' id='word_1_337' title='bbox 706 3904 749 3953; x_wconf 89' lang='lat' dir='ltr'>the</span> <span class='ocrx_word' id='word_1_338' title='bbox 768 3919 823 3953; x_wconf 88' lang='lat' dir='ltr'>ren·</span> <span class='ocrx_word' id='word_1_339' title='bbox 873 3903 934 3952; x_wconf 88' lang='lat' dir='ltr'>with</span> <span class='ocrx_word' id='word_1_340' title='bbox 949 3903 1020 3954; x_wconf 89' lang='lat' dir='ltr'>Th.‘s</span> <span class='ocrx_word' id='word_1_341' title='bbox 1038 3905 1138 3954; x_wconf 87' lang='lat' dir='ltr'>remark</span> <span class='ocrx_word' id='word_1_342' title='bbox 1152 3921 1187 3954; x_wconf 89' lang='lat' dir='ltr'>on</span> <span class='ocrx_word' id='word_1_343' title='bbox 1201 3906 1353 3967; x_wconf 67' lang='grc' dir='ltr'>ἀπερεεῐγε</span> <span class='ocrx_word' id='word_1_344' title='bbox 1363 3904 1390 3954; x_wconf 91' lang='lat' dir='ltr'>in</span> <span class='ocrx_word' id='word_1_345' title='bbox 1402 3904 1455 3954; x_wconf 85' lang='lat' dir='ltr'>this</span> 
     </span>
     <span class='ocr_line' id='line_1_36' title="bbox 247 3984 1456 4054; baseline -0.002 -16"><span class='ocrx_word' id='word_1_346' title='bbox 247 3988 337 4054; x_wconf 89' lang='lat' dir='ltr'>dering</span> <span class='ocrx_word' id='word_1_347' title='bbox 347 3988 373 4037; x_wconf 89' lang='lat' dir='ltr'>in</span> <span class='ocrx_word' id='word_1_348' title='bbox 388 3988 453 4037; x_wconf 88' lang='lat' dir='ltr'>Iren.</span> <span class='ocrx_word' id='word_1_349' title='bbox 471 3999 510 4036; x_wconf 90' lang='lat' dir='ltr'>1v.</span> <span class='ocrx_word' id='word_1_350' title='bbox 526 3999 566 4048; x_wconf 67' lang='grc' dir='ltr'>ογ,</span> <span class='ocrx_word' id='word_1_351' title='bbox 582 3987 596 4046; x_wconf 67' lang='grc' dir='ltr'><strong>ἕ</strong></span> <span class='ocrx_word' id='word_1_352' title='bbox 613 4006 629 4049; x_wconf 86' lang='lat'>4</span> <span class='ocrx_word' id='word_1_353' title='bbox 650 3984 824 4049; x_wconf 82' lang='lat' dir='ltr'>(‘¹retribuere</span> <span class='ocrx_word' id='word_1_354' title='bbox 873 4001 985 4050; x_wconf 83' lang='lat' dir='ltr'>passage,</span> <span class='ocrx_word' id='word_1_355' title='bbox 1008 3986 1040 4036; x_wconf 87' lang='lat' dir='ltr'>cf.</span> <span class='ocrx_word' id='word_1_356' title='bbox 1063 3988 1168 4051; x_wconf 77' lang='lat' dir='ltr'>Chrys:</span> <span class='ocrx_word' id='word_1_357' title='bbox 1192 3989 1221 4037; x_wconf 81' lang='lat' dir='ltr'>rb</span> <span class='ocrx_word' id='word_1_358' title='bbox 1243 3989 1326 4049; x_wconf 75' lang='grc' dir='ltr'>εἰπερ</span> <span class='ocrx_word' id='word_1_359' title='bbox 1347 3988 1456 4036; x_wconf 78' lang='grc' dir='ltr'><strong><em>ἐνταῦθα</em></strong></span> 
     </span>
     <span class='ocr_line' id='line_1_37' title="bbox 246 4068 1456 4135; baseline -0.002 -15"><span class='ocrx_word' id='word_1_360' title='bbox 246 4068 475 4135; x_wconf 84' lang='lat' dir='ltr'>retributionem’‘),</span> <span class='ocrx_word' id='word_1_361' title='bbox 497 4070 546 4119; x_wconf 88' lang='lat' dir='ltr'>and</span> <span class='ocrx_word' id='word_1_362' title='bbox 566 4068 673 4134; x_wconf 88' lang='lat' dir='ltr'>perhaps</span> <span class='ocrx_word' id='word_1_363' title='bbox 694 4068 779 4132; x_wconf 87' lang='lat' dir='ltr'>points</span> <span class='ocrx_word' id='word_1_364' title='bbox 798 4077 824 4117; x_wconf 93' lang='lat' dir='ltr'>to</span> <span class='ocrx_word' id='word_1_365' title='bbox 873 4069 925 4116; x_wconf 67' lang='lat' dir='ltr'>duri</span> <span class='ocrx_word' id='word_1_366' title='bbox 936 4069 979 4116; x_wconf 85' lang='grc' dir='ltr'>τοῦ</span> <span class='ocrx_word' id='word_1_367' title='bbox 990 4069 1114 4132; x_wconf 73' lang='grc' dir='ltr'><strong><em>ἐπείπερ</em></strong></span> <span class='ocrx_word' id='word_1_368' title='bbox 1124 4071 1209 4119; x_wconf 76' lang='grc' dir='ltr'>κοῖται.</span> <span class='ocrx_word' id='word_1_369' title='bbox 1229 4069 1317 4119; x_wconf 67' lang='lat' dir='ltr'>Thura</span> <span class='ocrx_word' id='word_1_370' title='bbox 1329 4071 1358 4119; x_wconf 83' lang='lat' dir='ltr'>rb</span> <span class='ocrx_word' id='word_1_371' title='bbox 1370 4072 1456 4133; x_wconf 72' lang='grc' dir='ltr'>εἴπερ</span> 
     </span>
     <span class='ocr_line' id='line_1_38' title="bbox 249 4144 1454 4216; baseline -0.003 -15"><span class='ocrx_word' id='word_1_372' title='bbox 249 4153 292 4202; x_wconf 90' lang='lat' dir='ltr'>the</span> <span class='ocrx_word' id='word_1_373' title='bbox 307 4151 412 4216; x_wconf 86' lang='lat' dir='ltr'>original</span> <span class='ocrx_word' id='word_1_374' title='bbox 430 4150 533 4214; x_wconf 86' lang='lat' dir='ltr'>reading</span> <span class='ocrx_word' id='word_1_375' title='bbox 549 4150 619 4199; x_wconf 89' lang='lat' dir='ltr'>there</span> <span class='ocrx_word' id='word_1_376' title='bbox 624 4165 633 4207; x_wconf 86' lang='lat'>;</span> <span class='ocrx_word' id='word_1_377' title='bbox 649 4164 665 4197; x_wconf 89' lang='lat' dir='ltr'>a</span> <span class='ocrx_word' id='word_1_378' title='bbox 682 4148 729 4197; x_wconf 84' lang='lat' dir='ltr'>few</span> <span class='ocrx_word' id='word_1_379' title='bbox 745 4164 823 4213; x_wconf 82' lang='lat' dir='ltr'>pages</span> <span class='ocrx_word' id='word_1_380' title='bbox 872 4144 914 4195; x_wconf 82' lang='lat' dir='ltr'>uir</span> <span class='ocrx_word' id='word_1_381' title='bbox 928 4149 971 4196; x_wconf 73' lang='grc' dir='ltr'>ἐπὶ</span> <span class='ocrx_word' id='word_1_382' title='bbox 990 4148 1137 4210; x_wconf 75' lang='grc' dir='ltr'>ἀμφιβολίας</span> <span class='ocrx_word' id='word_1_383' title='bbox 1154 4150 1267 4210; x_wconf 73' lang='grc' dir='ltr'>τέθεικεν,</span> <span class='ocrx_word' id='word_1_384' title='bbox 1282 4148 1339 4197; x_wconf 76' lang='grc' dir='ltr'>ἀλλ’</span> <span class='ocrx_word' id='word_1_385' title='bbox 1355 4151 1396 4199; x_wconf 74' lang='grc' dir='ltr'>ἐπὶ</span> <span class='ocrx_word' id='word_1_386' title='bbox 1410 4152 1454 4212; x_wconf 76' lang='grc' dir='ltr'>βε-</span> 
     </span>
     <span class='ocr_line' id='line_1_39' title="bbox 247 4230 1455 4296; baseline -0.002 -14"><span class='ocrx_word' id='word_1_387' title='bbox 247 4233 343 4283; x_wconf 86' lang='lat' dir='ltr'>further</span> <span class='ocrx_word' id='word_1_388' title='bbox 365 4248 399 4282; x_wconf 92' lang='lat' dir='ltr'>on</span> <span class='ocrx_word' id='word_1_389' title='bbox 421 4233 493 4296; x_wconf 68' lang='lat'>(335</span> <span class='ocrx_word' id='word_1_390' title='bbox 516 4233 555 4292; x_wconf 87' lang='lat' dir='ltr'>rr)</span> <span class='ocrx_word' id='word_1_391' title='bbox 573 4233 616 4282; x_wconf 88' lang='lat' dir='ltr'>the</span> <span class='ocrx_word' id='word_1_392' title='bbox 637 4232 756 4295; x_wconf 70' lang='lat' dir='ltr'>interpres</span> <span class='ocrx_word' id='word_1_393' title='bbox 776 4230 822 4279; x_wconf 83' lang='lat' dir='ltr'>hus</span> <span class='ocrx_word' id='word_1_394' title='bbox 871 4230 1002 4292; x_wconf 78' lang='grc' dir='ltr'>βοιώοεως·</span> <span class='ocrx_word' id='word_1_395' title='bbox 1016 4231 1057 4278; x_wconf 82' lang='lat' dir='ltr'>rat</span> <span class='ocrx_word' id='word_1_396' title='bbox 1067 4231 1116 4292; x_wconf 73' lang='grc' dir='ltr'>γὰρ</span> <span class='ocrx_word' id='word_1_397' title='bbox 1127 4230 1194 4289; x_wconf 77' lang='grc' dir='ltr'>ἡμεῖς</span> <span class='ocrx_word' id='word_1_398' title='bbox 1204 4233 1322 4289; x_wconf 75' lang='grc' dir='ltr'>εἰώθαμεν</span> <span class='ocrx_word' id='word_1_399' title='bbox 1330 4233 1455 4296; x_wconf 57' lang='lat' dir='ltr'>taxauit«</span> 
     </span>
     <span class='ocr_line' id='line_1_40' title="bbox 247 4311 1455 4379; baseline 0 -16"><span class='ocrx_word' id='word_1_400' title='bbox 247 4315 324 4379; x_wconf 84' lang='lat' dir='ltr'>given</span> <span class='ocrx_word' id='word_1_401' title='bbox 357 4312 594 4364; x_wconf 81' lang='lat' dir='ltr'>“tribulationem&#39;’</span> <span class='ocrx_word' id='word_1_402' title='bbox 657 4313 823 4361; x_wconf 76' lang='lat' dir='ltr'>Retribulatio</span> <span class='ocrx_word' id='word_1_403' title='bbox 870 4326 938 4368; x_wconf 76' lang='grc' dir='ltr'>μενοι</span> <span class='ocrx_word' id='word_1_404' title='bbox 956 4312 1049 4372; x_wconf 74' lang='grc' dir='ltr'>λέγειν·</span> <span class='ocrx_word' id='word_1_405' title='bbox 1071 4313 1155 4373; x_wconf 77' lang='lat' dir='ltr'>‘etrep</span> <span class='ocrx_word' id='word_1_406' title='bbox 1173 4311 1227 4361; x_wconf 83' lang='grc' dir='ltr'>τόδ’</span> <span class='ocrx_word' id='word_1_407' title='bbox 1248 4311 1353 4372; x_wconf 50' lang='lat' dir='ltr'>diuite?</span> <span class='ocrx_word' id='word_1_408' title='bbox 1368 4312 1455 4377; x_wconf 74' lang='grc' dir='ltr'><strong><em>ὥσπερ</em></strong></span> 
     </span>
     <span class='ocr_line' id='line_1_41' title="bbox 247 4394 1454 4459; baseline 0.002 -15"><span class='ocrx_word' id='word_1_409' title='bbox 247 4411 328 4444; x_wconf 86' lang='lat' dir='ltr'>seems</span> <span class='ocrx_word' id='word_1_410' title='bbox 339 4402 366 4443; x_wconf 93' lang='lat' dir='ltr'>to</span> <span class='ocrx_word' id='word_1_411' title='bbox 380 4396 412 4444; x_wconf 89' lang='lat' dir='ltr'>be</span> <span class='ocrx_word' id='word_1_412' title='bbox 426 4396 532 4446; x_wconf 83' lang='lat' dir='ltr'>without</span> <span class='ocrx_word' id='word_1_413' title='bbox 547 4395 662 4459; x_wconf 88' lang='lat' dir='ltr'>example</span> <span class='ocrx_word' id='word_1_414' title='bbox 678 4394 821 4452; x_wconf 87' lang='lat' dir='ltr'>elsewhere,</span> <span class='ocrx_word' id='word_1_415' title='bbox 872 4395 1017 4454; x_wconf 69' lang='lat' dir='ltr'>obabhnbtr.</span> <span class='ocrx_word' id='word_1_416' title='bbox 1041 4395 1172 4459; x_wconf 84' lang='lat' dir='ltr'>Pelagius:</span> <span class='ocrx_word' id='word_1_417' title='bbox 1191 4396 1256 4444; x_wconf 89' lang='lat' dir='ltr'>“hic</span> <span class='ocrx_word' id='word_1_418' title='bbox 1267 4397 1291 4444; x_wconf 82' lang='lat' dir='ltr'>si</span> <span class='ocrx_word' id='word_1_419' title='bbox 1299 4402 1382 4445; x_wconf 77' lang='lat' dir='ltr'>tamen</span> <span class='ocrx_word' id='word_1_420' title='bbox 1391 4412 1454 4447; x_wconf 90' lang='lat' dir='ltr'>con·</span> 
     </span>
     <span class='ocr_line' id='line_1_42' title="bbox 247 4474 1382 4539; baseline 0.002 -13"><span class='ocrx_word' id='word_1_421' title='bbox 247 4477 292 4526; x_wconf 89' lang='lat' dir='ltr'>but</span> <span class='ocrx_word' id='word_1_422' title='bbox 313 4476 362 4525; x_wconf 83' lang='lat' dir='ltr'>will</span> <span class='ocrx_word' id='word_1_423' title='bbox 377 4477 486 4539; x_wconf 86' lang='lat' dir='ltr'>scarcely</span> <span class='ocrx_word' id='word_1_424' title='bbox 496 4492 528 4526; x_wconf 89' lang='lat' dir='ltr'>ou</span> <span class='ocrx_word' id='word_1_425' title='bbox 544 4476 598 4526; x_wconf 88' lang='lat' dir='ltr'>that</span> <span class='ocrx_word' id='word_1_426' title='bbox 613 4483 719 4526; x_wconf 87' lang='lat' dir='ltr'>account</span> <span class='ocrx_word' id='word_1_427' title='bbox 737 4476 769 4526; x_wconf 88' lang='lat' dir='ltr'>bc</span> <span class='ocrx_word' id='word_1_428' title='bbox 785 4491 823 4525; x_wconf 88' lang='lat' dir='ltr'>re·</span> <span class='ocrx_word' id='word_1_429' title='bbox 871 4474 993 4526; x_wconf 84' lang='lat' dir='ltr'>firmantis</span> <span class='ocrx_word' id='word_1_430' title='bbox 1003 4492 1085 4526; x_wconf 89' lang='lat' dir='ltr'>sermo</span> <span class='ocrx_word' id='word_1_431' title='bbox 1096 4483 1142 4534; x_wconf 90' lang='lat' dir='ltr'>est,</span> <span class='ocrx_word' id='word_1_432' title='bbox 1154 4493 1206 4526; x_wconf 88' lang='lat' dir='ltr'>non</span> <span class='ocrx_word' id='word_1_433' title='bbox 1217 4476 1382 4528; x_wconf 80' lang='lat' dir='ltr'>dubitantis&#39;’</span> 
     </span>
    </p>
   </div>
   <div class='ocr_carea' id='block_1_10' title="bbox 0 0 1576 5100">
    <p class='ocr_par' dir='ltr' id='par_1_13' title="bbox 0 0 1576 5100">
     <span class='ocr_line' id='line_1_43' title="bbox 0 0 1576 5100; baseline 0 0"><span class='ocrx_word' id='word_1_434' title='bbox 0 0 1576 5100; x_wconf 95' lang='lat' dir='ltr'> </span> 
     </span>
    </p>
   </div>
  </div>
 </body>
</html>
