3142 5100
83 409 115 471 Ι.
132 410 166 485 6,
183 409 227 492 7.]
379 422 1017 475 1NEP.ADTHESSALON1CENSESL
1282 420 1298 486 5

81 596 227 659 uidetur
242 594 519 671 exhortationem,
535 596 699 679 siquidem
721 595 754 658 in
774 597 934 678 pressuris
955 615 1021 659 non
1044 595 1151 659 solum
1169 596 1300 659 imitare

80 699 264 780 apostolos
287 700 449 775 uidentur,
472 700 530 762 sed
555 710 588 762 et
611 700 720 781 ipsum
749 698 941 763 Dominum.
987 700 1108 763 deinde
1135 710 1169 765 et
1195 701 1300 763 mani·

79 800 211 863 festam
235 801 358 865 iaciens
381 803 602 865 imitationem
626 813 727 882 quam
750 801 851 864 dicit:

153 948 357 1031 suscipientes
379 949 510 1033 (inquit)
534 949 665 1014 nerbnm
687 950 722 1013 iu
739 950 945 1016 tribulatione
965 951 1071 1015 multa
1089 972 1161 1014 cunt
1175 952 1301 1036 gaudio

83 1048 243 1132 Spiritus
263 1051 376 1117 saneti.
1337 1062 1353 1128 5

155 1183 293 1256 ‘passus
317 1176 448 1260 (inquit)
472 1188 522 1241 est
539 1179 705 1242 Dominus
726 1199 786 1261 pro
808 1179 913 1254 nobis
929 1199 987 1261 per
1007 1199 1137 1247 crucem
1158 1178 1299 1244 salutem

82 1280 187 1342 nobis
205 1282 397 1362 expediens.
440 1291 473 1345 et
496 1283 558 1363 ipsi
579 1303 640 1364 pro
664 1281 720 1344 illa
743 1281 809 1345 fide
830 1303 915 1364 quae
937 1284 969 1344 in
994 1303 1069 1346 eum
1094 1294 1144 1346 est
1164 1284 1301 1366 tribula·

82 1382 218 1444 tionem
246 1383 460 1458 sustinentes
483 1393 521 1445 ut
548 1385 661 1446 sciatis
685 1393 719 1447 et
745 1404 807 1446 nos
830 1394 864 1447 et
890 1384 1000 1447 Deum
1026 1386 1194 1463 imitasse3
1219 1406 1301 1468 quo-

82 1484 180 1545 niam
213 1484 268 1546 iila
297 1505 384 1566 quae
415 1486 521 1548 tristia
551 1496 645 1548 erant
672 1487 719 1549 ita
745 1488 948 1549 sustinuistis
972 1507 1047 1549 cum
1074 1487 1208 1569 gaudi0,
1233 1507 1300 1549 non

80 1586 237 1666 grauiter
263 1586 318 1649 illa
345 1587 487 1651 ferentes
514 1609 600 1669 quae
632 1589 729 1652 uobis
752 1589 957 1664 accidebant,
980 1590 1039 1652 sed
1069 1592 1159 1653 bono
1189 1590 1301 1653 animo
1319 1602 1359 1650 10

81 1687 200 1752 fuistis
230 1691 274 1753 ob
305 1689 362 1753 illa
398 1692 488 1753 bona
525 1711 612 1772 quae
646 1691 724 1754 hinc
759 1692 856 1755 uobis
891 1693 1026 1755 retribui
1062 1687 1302 1775 expectantur.'

81 1786 148 1869 †et
175 1791 262 1855 bene
289 1793 410 1855 adiecit
432 1793 546 1856 dicens
576 1793 724 1875 Spiritus
748 1794 874 1869 seucti,·
908 1816 969 1857 nec
996 1796 1085 1858 enim
1113 1805 1184 1859 erat
1207 1793 1303 1857 aliter

82 1897 238 1976 gaudere
259 1896 331 1959 illos
347 1899 403 1979 qui
426 1897 468 1959 ad
490 1917 646 1979 praesens
669 1898 887 1961 tristabantur
901 1919 961 1980 pro
978 1897 1042 1960 iliis
1058 1918 1143 1980 quae
1159 1898 1301 1961 necdum

83 1997 300 2073 uidebantur,
315 2001 377 2061 nisi
400 1999 455 2062 illa
477 2000 637 2062 miracula
657 2021 743 2081 quae
759 2021 779 2062 a
796 1999 922 2082 Spiritu
945 1999 1071 2063 fiebant
1092 1999 1222 2063 firmam
1239 1999 1302 2061 illis

82 2101 191 2164 fidem
213 2102 255 2165 de
275 2102 393 2165 futuris
413 2102 688 2185 praepararent*;
712 2113 749 2166 ut
769 2103 812 2165 ad
835 2102 910 2166 illas
930 2105 1069 2166 uirtutes
1086 2102 1301 2183 inspicientes
1321 2115 1355 2184 15

84 2207 189 2269 facile
216 2208 346 2288 possint
370 2207 453 2270 serre
477 2207 542 2281 illa,
567 2227 653 2288 quae
680 2206 712 2269 in
744 2207 908 2288 praesenti
934 2206 1087 2269 tristitiae
1109 2204 1208 2287 plena
1231 2224 1304 2266 esse

83 2309 299 2373 uidebantur.
345 2320 380 2372 et
400 2330 526 2392 augens
548 2311 580 2372 in
600 2310 732 2373 laudem
754 2329 868 2372 eorum
890 2309 948 2372 illa
970 2330 1057 2392 quae
1080 2308 1123 2373 ad
1146 2308 1303 2374 exhorta-

82 2415 216 2476 tionem
240 2412 370 2475 illorum
394 2410 458 2474 illis
481 2411 561 2493 ipsis
584 2421 742 2493 poterunt
764 2412 965 2474 conuenire:

156 2551 206 2614 ita
236 2561 274 2614 nt
292 2547 419 2633 fieretis
439 2549 558 2631 sernia
586 2547 734 2613 omnibus
762 2547 961 2612 credentibus
987 2549 1025 2611 'in
1051 2547 1245 2612 Macedonia
1274 2559 1305 2611 et

84 2652 230 2716 Acltez'a.
1318 2657 1361 2704 20

156 2826 266 2892 καλῶς
290 2823 324 2888 δὲ
350 2822 551 2911 προσέθηκεν
575 2821 613 2888 τὸ
639 2828 816 2898 uuer'uuroc
842 2822 932 2897 irior.
970 2820 1008 2886 οὐ
1033 2820 1097 2906 ’γὰρ
1123 2819 1164 2901 ἦν
1190 2820 1304 2907 ἑτέρως

87 2925 234 2991 ἐνταῦθα
256 2926 478 3007 λυπουμένους
500 2926 627 3014 χαίρειν
650 2926 731 3012 ὑπὲρ
756 2929 822 2991 τῶν
847 2924 883 2990 οὐ
909 2923 1118 3011 φαινομένων,
1142 2922 1172 2989 εἰ
1192 2921 1236 3004 μὴ
1263 2921 1306 2987 τὰ

85 3026 157 3093 ὑπὸ
173 3031 232 3092 τοῦ
246 3027 427 3110 πνεύματος
442 3028 595 3113 γενόμενα
610 3030 761 3111 θαύματα
774 3026 919 3107 βεβαίου
934 3027 1042 3099 αὐτοῖς
1062 3032 1220 3115 παρεῖχεν
1240 3029 1304 3093 τῶν

86 3125 284 3206 μελλόντων
300 3130 360 3207 τὴν
379 3129 503 3195 πίστιν.

138 3294 154 3327 τ
172 3279 272 3328 uidetur
285 3280 350 3329 CH
356 3297 372 3328 r
521 3299 534 3346 3
552 3281 611 3331 iacit
622 3299 638 3331 r
652 3280 655 3346 Ι
670 3298 726 3331 curn
739 3280 747 3344 (
748 3281 796 3344 ser
806 3283 890 3345 quam)
903 3298 919 3330 r
932 3279 937 3345 Ι
950 3281 1017 3330 dicat
1031 3281 1053 3330 C
1198 3299 1214 3341 4
1231 3279 1256 3328 in
1269 3295 1303 3328 nr.

84 3362 194 3436 triblj
288 3361 304 3412 6
320 3379 346 3427 p.
358 3374 395 3414 est
407 3364 487 3430 inquit
502 3367 523 3414 C
620 3367 634 3414 8
652 3374 677 3414 et
689 3365 742 3428 (bes
748 3363 841 3428 Deum)
853 3382 891 3413 om
907 3365 1014 3425 Cicerr)
1116 3379 1132 3430 9
1149 3363 1250 3412 tristitia
1264 3363 1286 3411 C
1290 3361 1302 3387 ⁸

89 3459 117 3491 ιο
138 3444 185 3492 erit
197 3445 232 3493 II
333 3461 362 3510 ¹3
380 3448 422 3511 qui
434 3450 442 3507 (
442 3448 491 3512 sor
501 3448 575 3512 quae)
588 3464 605 3496 r
720 3448 749 3497 16
767 3448 839 3497 facile
852 3447 914 3497 serre
926 3464 952 3512 p.
967 3448 988 3495 C
998 3463 1014 3494 r
1124 3461 1153 3495 τι
1168 3462 1206 3510 sq.
1223 3444 1304 3494 Coisi.

86 3546 147 3592 νον,
160 3530 177 3578 i.
195 3528 262 3590 163a
273 3530 326 3591 [Cr.
341 3531 373 3579 vi.
387 3529 445 3593 346]
458 3527 535 3580 καλῶς
547 3532 580 3590 δέ,
595 3533 670 3580 κ.τ.λ.
773 3545 803 3592 ²3
821 3527 868 3577 ὑπὸ
880 3530 1014 3587 πνεύματος
1026 3528 1067 3577 Cr.

85 3696 186 3752 μᾶλλον
202 3694 229 3742 δὲ
243 3692 341 3740 πάντων
356 3692 481 3753 μέγιστον,
498 3692 527 3740 τὸ
544 3694 583 3741 καὶ
599 3689 673 3741 αὐτοῦ
724 3688 773 3737 and
791 3689 867 3738 Thdt.
886 3689 945 3738 take
966 3688 1055 3752 higher
1071 3688 1184 3753 ground:
1208 3683 1306 3748 ἠχαρὰ

86 3779 131 3826 τοῦ
143 3776 266 3825 &euhoe
276 3771 430 3834 μιμήσασθαι
441 3773 473 3822 τὰ
485 3774 627 3838 παθήματα.
723 3774 749 3819 ἐν
769 3772 817 3820 τοῖς
837 3773 1016 3830 πνευματικοῖς·
1034 3769 1131 3820 πάντων
1145 3772 1261 3832 μέγιστον
1276 3771 1305 3818 τὸ

121 3878 145 3920 4.
183 3857 345 3919 moptentes]
378 3857 414 3906 So
425 3857 564 3914 Ambrstr.;
583 3856 669 3921 Vulg„
726 3853 916 3912 ...reeuperatis
927 3851 1011 3910 ἡδονῆς
1023 3852 1188 3914 ἐμφορεῖσθαι.

87 3955 140 3988 exc.
173 3937 307 4000 Ciinfra,
322 3953 346 4002 p.
362 3953 398 4002 13,
414 3938 430 3987 l.
444 3953 481 4000 15,
495 3947 561 3988 note.
759 3937 796 3984 18.
832 3934 885 3982 illis
906 3933 977 3997 ipris]
1011 3933 1084 3982 Read
1105 3932 1214 3997 perhaps
1237 3932 1306 3982 rebus

126 4034 165 4069 ιτ.
199 4019 256 4066 bene
265 4018 384 4068 adieu'td.
402 4018 507 4082 ‘Sp.s.’]
536 4020 670 4083 Cisupre,
725 4017 793 4081 rpus.

89 4117 113 4164 p.
129 4118 156 4160 4,
175 4096 195 4145 l.
209 4112 233 4152 τ,
250 4105 316 4146 note.
351 4099 403 4147 Nec
423 4099 676 4148 enini...nidrbantur
761 4113 797 4162 ¹9·
825 4097 929 4162 fierent]
963 4097 995 4146 0.
1016 4098 1045 4145 L.
1069 4097 1118 4145 and
1141 4094 1227 4159 Vuig„
1240 4094 1307 4158 μου

90 4179 224 4242 (omitting
233 4178 483 4229 illes...tristebantur
495 4180 544 4229 and
554 4181 670 4229 substitu-
722 4179 794 4237 sitis;
815 4179 948 4236 Ambrstr„
961 4178 1063 4241 fimitis
1081 4181 1121 4232 (an
1138 4191 1206 4225 error
1222 4176 1251 4223 oi
1264 4177 1307 4225 the

89 4259 671 4326 tinggaudrreutforeratgauderc),Lansranc.
724 4261 816 4310 scribes
833 4260 870 4308 sor
878 4260 1008 4323 fieretui).
1042 4260 1134 4307 Forma
1150 4258 1170 4307 is
1183 4258 1306 4322 probably

126 4357 168 4405 15.
204 4342 241 4390 ad
249 4343 305 4391 illes
314 4345 373 4393 nirt.
385 4346 461 4409 insp]
480 4346 527 4394 i.e.
538 4345 582 4409 joy
594 4345 623 4394 oi
631 4345 673 4394 the
724 4344 788 4393 srom
801 4343 842 4392 the
855 4343 946 4406 Vulg.;
963 4341 1034 4391 Th.'s
1050 4347 1103 4390 text
1117 4340 1167 4403 (see
1179 4356 1205 4405 p.
1215 4337 1238 4399 6,
1253 4338 1270 4387 i.
1282 4339 1307 4402 3)

91 4423 496 4490 HolyGhost=joyproducedby
504 4427 547 4477 the
555 4427 675 4476 evidence
723 4439 804 4474 seems
834 4433 860 4473 to
888 4423 951 4473 have
978 4423 1110 4487 presented
1138 4424 1235 4477 τύπους,
1256 4422 1307 4471 and

90 4504 120 4553 oi
126 4501 249 4552 mirocles
255 4506 363 4569 wrought
372 4507 460 4570 byHis
470 4523 562 4571 power.
584 4507 673 4570 Chrys.
724 4523 753 4556 so
765 4506 864 4570 Chrys„
876 4505 962 4566 Thou,
977 4506 1062 4566 Dam,
1076 4505 1123 4556 &e
