3142 5100
110 408 151 472 11.
166 408 207 492 9.]
463 417 505 468 ru
530 417 582 468 nr.
604 416 656 466 uu
680 413 913 466 mnornnuu
938 415 960 464 1.
1271 414 1311 480 91

169 615 247 659 nam
270 594 363 677 quod
386 593 475 657 dixit
497 592 532 656 in
547 591 639 655 anni
655 591 726 668 loco,
742 588 949 654 reddendum
970 595 1022 651 est
1044 586 1090 649 illi
1111 586 1202 650 dicto
1218 586 1313 668 quod

103 701 192 763 dixit
214 698 396 762 attollentes
416 704 545 760 sanctas
566 715 709 770 mantes,·
735 693 800 756 hoc
822 692 911 755 enirn
932 689 1013 754 dicit
1034 689 1193 772 quoniam
1214 687 1315 753 ‘uolo

109 823 219 866 eorum
234 802 304 866 tale
325 821 399 864 esse
420 800 609 864 institutum
630 800 678 862 ita
692 806 731 862 ut
744 816 877 880 semper
895 802 1037 869 orantes,
1053 794 1087 857 in
1102 813 1315 877 quocumque

108 907 178 970 ioco
203 905 391 968 orationem
422 903 529 967 facere
559 902 722 976 uidentur,
752 909 885 963 sanctas
922 897 966 962 ad
1006 897 1117 961 Deum
1147 895 1316 961 extollant

16 1041 17 1046 κ
109 1005 243 1071 manus?
288 1026 367 1068 nam
391 1015 521 1068 sanctas
547 1024 665 1066 marrus
687 1002 730 1066 ab
752 1002 890 1065 arbitrio
911 1001 1049 1064 euidens
1072 1008 1123 1063 est
1145 1018 1221 1063 eum
1239 997 1316 1061 dix·
1353 1011 1369 1080 ς

108 1115 191 1189 isse;
228 1108 319 1172 unde
349 1118 383 1171 et
414 1108 634 1189 interpretans
657 1103 941 1189 quemadmodum
972 1103 1126 1165 extensio
1156 1120 1315 1165 manuum

107 1216 212 1298 possit
233 1232 307 1275 esse
327 1221 452 1286 sancta,
473 1210 591 1272 adicit:
614 1218 736 1291 arcepta
759 1207 812 1271 ira
833 1215 865 1270 et
884 1206 1113 1289 disceptatione.
1159 1227 1316 1291 compen·

108 1320 201 1383 diose
231 1315 415 1398 perfectam
452 1314 486 1377 in
516 1313 568 1376 his
604 1312 757 1377 definiuit
793 1313 960 1377 uirtutem.
1005 1333 1083 1376 nam
1113 1312 1204 1396 quod
1236 1312 1318 1377 dicit

107 1430 230 1503 acepta
247 1419 307 1493 ira,
323 1417 387 1480 hoc
403 1427 462 1491 est
480 1417 663 1479 ‘neminem
685 1415 859 1479 hominum
878 1416 1029 1479 odientes
1041 1413 1069 1494 ;'
1092 1415 1183 1499 quod
1203 1424 1316 1479 autem

108 1526 196 1588 dixit
211 1522 444 1605 disceptatione,
460 1531 497 1585 ut
517 1522 608 1585 dicat
623 1521 731 1584 ‘fideli
753 1530 866 1584 mente
887 1521 1024 1583 minime
1047 1521 1239 1585 dubitantes
1260 1518 1375 1583 illato

108 1628 257 1709 accipere
278 1648 364 1709 quae
389 1624 579 1709 postulant.’
623 1647 668 1689 ex
694 1624 801 1688 altero
826 1626 914 1688 enim
935 1624 1108 1689 caritatem
1132 1645 1218 1708 quae
1239 1644 1319 1707 erga

108 1731 302 1814 proximum
318 1740 369 1792 est
385 1730 475 1792 uisus
498 1735 549 1794 est
563 1727 786 1803 confirmasse,
803 1749 848 1791 ex
869 1727 974 1792 altero
995 1749 1075 1791 uero
1095 1749 1175 1810 erga
1197 1728 1318 1792 Deum.

109 1834 275 1917 siquidem
300 1831 356 1894 ille
380 1833 436 1915 qui
461 1832 599 1895 firmiter
622 1832 729 1895 credit
755 1832 830 1894 Deo
854 1831 1013 1914 quoniam
1040 1829 1100 1895 dat
1123 1829 1219 1894 nobis
1247 1831 1318 1894 sine

110 1938 237 2001 inuidia
253 1957 484 2019 quaecumque
502 1936 780 2019 postulauerimus
802 1935 846 1999 ab
868 1957 920 2016 eo,
928 1955 1136 2019 consequens
1158 1944 1210 1999 est
1232 1943 1267 1998 et
1282 1942 1320 1998 ut

110 2044 230 2126 diligat
255 2042 350 2107 illum
380 2051 498 2126 utpote
528 2045 691 2107 bonorum
721 2041 920 2125 largitorem.
966 2041 1096 2118 deinde,
1131 2039 1243 2103 dicens
1277 2039 1319 2103 de
1337 2051 1373 2120 15

111 2148 203 2226 uiris,
221 2147 345 2210 adicit:
1012 2132 1014 2135 Α

174 2280 332 2344 similiter
343 2290 450 2344 aretem
469 2291 501 2344 ct
514 2282 668 2346 mulz'eres.

178 2393 265 2455 bene
281 2400 396 2455 autem
416 2392 504 2456 dixit
523 2393 685 2470 similiter,
701 2393 881 2457 ostendens
903 2392 1061 2474 quoniam
1084 2392 1242 2458 discreuit
1263 2412 1319 2458 eas

114 2493 183 2564 non'
195 2496 261 2561 hac
277 2495 414 2572 ratione,
436 2515 514 2559 nam
533 2496 597 2560 ista
619 2495 771 2560 similiter
791 2503 824 2559 et
842 2495 921 2559 uiris
936 2495 1054 2561 adesse
1074 2504 1108 2561 et
1127 2496 1320 2562 mulieribus

111 2604 227 2685 cupit;
250 2601 311 2664 sed
329 2610 362 2663 et
377 2609 562 2664 ceterorum
578 2622 678 2665 causa
699 2602 878 2685 dequibus
896 2601 950 2665 uel
972 2602 1121 2666 maxime
1142 2602 1321 2667 exhortare
1336 2619 1379 2670 20

111 2706 270 2770 mulieres
286 2705 469 2767 necessarie
485 2704 668 2768 uidebatur.
714 2705 804 2769 unde
818 2714 852 2768 et
868 2705 991 2769 adicit:

160 2855 171 2889 r
197 2854 251 2904 quo
271 2837 334 2903 (sor
349 2839 417 2903 quod
434 2836 513 2902 2⁰)H
616 2840 634 2888 8
654 2838 798 2890 definitCr
908 2856 935 2891 11
960 2856 1024 2905 quae
1045 2843 1174 2907 postulant
1195 2856 1248 2892 acc.
1269 2842 1303 2891 H
1307 2841 1321 2868 ⁴

112 2936 141 2985 ¹3
159 2922 197 2971 sic
208 2920 314 2985 quidem
328 2921 371 2970 Cr
460 2918 489 2971 16
512 2920 657 2971 mulieribus
668 2923 726 2987 (for
735 2921 806 2983 uiris)
818 2937 835 2970 r
928 2936 957 2985 17
974 2923 1006 2973 de
1018 2923 1073 2988 (bes
1077 2923 1203 2985 mulieres)
1211 2924 1264 2973 add
1271 2924 1305 2973 H
1307 2922 1321 2949 ⁴

111 3019 145 3054 ao
165 3017 269 3051 eausam
288 3002 341 3051 Hr

144 3133 168 3168 1·
204 3133 267 3167 nam
282 3118 351 3182 quod
363 3116 570 3181 demet-cume
589 3118 639 3183 γάρ
657 3122 696 3169 *ἐν
745 3137 770 3186 p.
793 3137 830 3181 ιο,
847 3122 864 3171 l.
887 3119 925 3179 16,
942 3128 1010 3171 note.
1044 3122 1143 3184 Above,
1164 3122 1192 3171 in
1211 3121 1254 3171 the
1271 3128 1324 3174 text

110 3206 187 3253 παντὶ
198 3200 282 3265 rdrp’
293 3200 328 3265 τῷ
341 3204 496 3263 “ἐῐοὲροντος
511 3201 590 3254 ὁσίους
604 3204 696 3266 xeipar'
746 3203 782 3268 (p.
792 3217 833 3267 90,
845 3203 861 3252 1.
874 3203 925 3263 20),
939 3204 981 3253 the
993 3203 1182 3253 translatorhad
1190 3205 1324 3255 contented

110 3285 256 3362 dromon.
292 3286 349 3335 The
366 3285 449 3349 object
466 3285 496 3335 of
510 3286 559 3335 this
575 3294 696 3351 punctua-
746 3284 850 3334 himself
858 3284 918 3334 with
930 3285 972 3334 the
980 3286 1055 3350 Vuig.
1068 3286 1201 3351 rendering
1211 3287 1263 3336 sine
1274 3286 1323 3336 ira¹

109 3371 167 3419 tion
178 3369 201 3418 is
212 3378 240 3418 to
252 3368 328 3418 avoid
340 3368 382 3417 the
394 3368 518 3417 inference
528 3368 582 3417 that
594 3368 636 3417 the
645 3369 696 3433 Ap.
779 3381 816 3432 9.·
837 3366 951 3427 adimes]
963 3368 1072 3428 Rdusch,
1084 3369 1160 3430 Itala,
1174 3383 1201 3433 p.
1213 3370 1270 3418 282,

110 3450 290 3501 recommends
308 3449 352 3498 the
371 3449 523 3498 ostentation
542 3449 625 3498 which
643 3450 697 3499 Our
782 3462 821 3499 ιο.
859 3447 1057 3513 'disceptatione’
1074 3456 1104 3498 ut
1118 3450 1192 3509 dieat,
1210 3450 1269 3513 δια]
1289 3451 1325 3502 So

111 3530 549 3594 Iorddiscourages(h1att.vi·5);
565 3531 597 3581 cf.
606 3531 696 3594 Chrys.
748 3528 837 3579 Thea:
858 3526 911 3577 ἀντὶ
926 3525 970 3577 τοῦ
986 3527 1146 3592 ‘inditiones
1162 3529 1253 3592 χωρίς,’
1270 3547 1324 3580 πιο-

112 3615 150 3663 ud
168 3614 196 3662 h.
216 3614 235 3661 l.
273 3613 301 3662 S.
322 3612 385 3661 Paul
406 3612 467 3661 does
488 3621 533 3662 not
555 3628 599 3677 say
622 3616 698 3678 ‘pray
746 3612 821 3658 τεύων
836 3608 873 3659 ὅτι
890 3608 960 3673 λήψῃ
976 3609 1073 3661 πάντως
1089 3610 1150 3674 ὅπερ
1166 3613 1246 3663 αἰτεῖς.
1283 3613 1322 3663 Ct'.

111 3690 291 3758 everywhere,'
301 3692 355 3751 but,
371 3692 510 3741 ‘whererer
520 3709 570 3756 you
581 3710 650 3758 pray,
663 3695 697 3743 let
748 3693 775 3741 S.
788 3692 863 3741 Mark
879 3692 912 3741 xi.
926 3708 966 3756 23,
979 3707 1018 3756 24.
1053 3693 1109 3742 The
1128 3692 1178 3744 Gk.
1198 3709 1324 3744 commen·

111 3776 158 3825 the
168 3775 252 3825 hands
263 3789 312 3837 you
324 3772 363 3822 titt
373 3789 408 3838 up
420 3781 447 3823 to
459 3774 516 3823 God
528 3776 560 3824 be
571 3775 650 3839 pure.'
746 3781 825 3823 tators
837 3775 899 3825 srom
912 3774 1000 3838 Chrys·
1014 3774 1171 3825 downwards
1181 3791 1223 3826 are
1234 3778 1325 3840 agreed

148 3873 175 3921 5.
208 3862 324 3904 ‘sanctas
335 3854 441 3904 manus'
462 3857 493 3904 ab
510 3858 620 3916 arturo,
640 3857 698 3919 deo]
747 3872 817 3921 upon
828 3858 876 3907 this
885 3858 1082 3922 interpretation.
1100 3860 1194 3922 Origen
1203 3859 1241 3919 (in
1251 3862 1323 3912 Rom.

114 3939 221 4001 Chrys:
238 3939 285 3997 οὐχ
303 3936 373 3985 ὕδατι
392 3934 623 3995 remuneremini
639 3940 698 3986 πλε·
752 3936 791 3999 10)
815 3939 966 3988 understood
992 3940 1156 4004 ‘wandering
1178 3940 1325 4006 thoughts’:

115 4024 217 4081 ωεξὶας,
231 4022 317 4081 φόνων,
331 4017 449 4081 ἁρπαγῆς,
464 4019 574 4078 πληγῶν,
587 4018 698 4080 καθαράς.
748 4019 820 4069 “etsi
838 4019 886 4068 hoe
900 4021 956 4084 quis
973 4020 1086 4071 obtinere
1103 4022 1212 4085 potuerit
1227 4030 1255 4072 ut
1274 4024 1327 4074 sine

115 4102 214 4166 On'gen
232 4101 271 4160 (in
284 4101 357 4149 Rom.
372 4099 396 4163 6)
414 4099 464 4149 had
480 4100 632 4165 anticipated
649 4101 699 4151 this
748 4101 788 4149 ira
806 4101 846 4161 sit,
864 4101 906 4150 uix
923 4110 960 4150 est
976 4109 1003 4150 ut
1021 4102 1121 4166 effugiat
1139 4117 1192 4151 esse
1209 4103 1264 4152 sine
1277 4105 1326 4154 dis·

114 4181 288 4248 explanation,
302 4180 352 4229 and
369 4180 443 4245 given
460 4181 492 4230 its
508 4182 614 4245 positive
630 4183 698 4234 side:
748 4184 884 4245 aptatione,
902 4182 928 4232 h.
940 4199 971 4242 e.‚
991 4183 1045 4233 sine
1063 4182 1194 4248 superfluis
1211 4192 1236 4235 et
1255 4187 1327 4236 uanis

118 4269 234 4315 “manus
256 4271 358 4313 sanctae
383 4264 498 4312 dicuntur
520 4279 584 4327 quae
606 4264 699 4314 sanctis
747 4264 965 4329 cogitationibus.''

115 4347 235 4412 operibus
251 4342 473 4394 ministrauerint.”
507 4343 547 4393 Cs-
560 4343 641 4393 Clem.
655 4345 696 4405 R.,
784 4360 821 4409 17.
857 4347 1095 4397 similiterautemet
1109 4347 1233 4410 mulz'eres]
1250 4347 1326 4401 ὠοού-

120 4445 128 4477 1
146 4429 203 4477 Cor.
220 4440 261 4492 29·
749 4443 797 4476 ros
809 4428 837 4476 δὲ
848 4430 888 4477 καὶ
899 4445 923 4490 γ.
939 4427 978 4492 (i).
999 4429 1069 4479 With
1077 4430 1119 4480 the
1125 4438 1216 4481 comm.
1227 4433 1258 4482 cs.
1269 4447 1286 4485 1.
1299 4452 1324 4501 p.

149 4524 170 4571 7.
208 4513 307 4570 excepta
327 4505 378 4566 ira]
414 4507 487 4566 χωρὶς
506 4504 584 4566 ὀργῆς.
621 4506 661 4556 Ct'.
680 4519 698 4556 1.
752 4507 837 4569 2451.
854 4523 916 4571 5sq.
