3142 5100
123 428 178 492 111.
194 427 234 511 a]
463 443 504 491 nr
529 443 582 492 sn.
606 442 657 492 nu
680 441 915 494 rrno'ruaun
938 441 961 492 1.
1253 435 1311 503 105

121 616 243 700 plenum
273 618 393 682 beatus
417 618 546 694 Paulus,
570 638 646 682 eum
669 617 726 701 qui
756 615 811 681 uel
844 615 995 680 maxime
1019 614 1052 678 in
1084 612 1314 697 episcopatum

120 723 300 803 producitur
314 723 357 786 de
372 721 432 785 tali
447 724 518 786 uita
532 722 688 805 cognosci
704 721 826 786 debere
842 720 964 784 intulit.
995 738 1073 782 narn
1089 726 1123 781 et
1139 714 1313 779 ridiculum

120 835 165 888 est
185 825 320 888 beatum
347 825 487 889 Paulum
509 824 619 909 legem
650 834 797 889 statuere
820 844 888 888 non
915 823 1088 886 arbitrium
1114 818 1170 884 uel
1194 838 1315 901 propo·

121 928 209 992 situm
231 928 439 1010 probantem,
462 929 521 992 sed
545 950 590 993 ex
613 939 735 992 euentu
758 936 794 991 et
816 947 862 991 ex
884 926 1057 992 accidente
1079 925 1314 990 discretionem

120 1042 261 1098 statuere.
293 1034 321 1095 si
337 1041 450 1096 autem
466 1033 540 1116 quis
555 1033 644 1096 dicat
660 1032 819 1115 quoniam
836 1029 879 1095 de
894 1039 1017 1094 euentu
1034 1037 1068 1093 et
1083 1028 1126 1092 de
1140 1026 1315 1091 accidente
1352 1038 1368 1106 5

121 1136 268 1217 exiguum
285 1135 366 1218 quid
381 1155 499 1198 curans
515 1135 696 1218 apostolus,
711 1154 788 1197 curn
805 1121 928 1216 magna
942 1130 1115 1214 diligentia
1131 1137 1164 1193 et
1180 1148 1315 1210 scrupu-

120 1236 241 1302 lositate
268 1237 311 1302 de
337 1239 502 1322 episcopis
528 1239 633 1303 uoluit
657 1246 805 1302 statuere
835 1237 926 1321 quod
951 1236 1076 1300 debent
1100 1234 1159 1299 uni
1182 1241 1314 1298 tanturn

121 1339 198 1401 coire
219 1341 336 1418 uxori;
366 1341 505 1405 audiant
527 1341 685 1424 quoniam
709 1341 892 1405 secundum
912 1338 1000 1404 hanc
1021 1338 1184 1401 rationem
1207 1356 1316 1419 neque

121 1451 188 1520 post
203 1431 370 1524 baptisma
385 1443 478 1507 illum
494 1444 551 1527 qui
567 1445 642 1508 talis
665 1453 717 1508 est
739 1443 878 1526 produci
901 1443 988 1506 iusta
1011 1441 1139 1505 ratione
1162 1440 1314 1523 patietur.

122 1561 175 1604 nec
189 1544 277 1607 enim
300 1545 470 1627 baptisma
493 1546 573 1611 iacit
592 1547 686 1610 illurn
703 1566 769 1609 non
792 1546 923 1610 duabus
943 1545 1050 1608 coisse
1069 1543 1241 1621 uxoribus,
1257 1550 1315 1605 aut
1334 1562 1373 1611 10

120 1645 200 1726 apud
214 1666 332 1710 omnes
353 1647 433 1712 lacit
453 1649 637 1712 existimari
661 1649 756 1732 quasi
774 1648 832 1731 qui
854 1668 956 1712 unam
977 1646 1131 1711 habuerit
1151 1662 1316 1720 uxorem;

122 1745 217 1811 multo
236 1769 317 1812 uero
336 1749 479 1832 amplius
501 1771 577 1815 eum
600 1752 657 1835 qui
681 1772 782 1815 unam
799 1750 984 1834 legitimam
1003 1748 1106 1813 habet
1122 1768 1262 1812 uxorem
1282 1755 1317 1811 et

121 1848 224 1914 multis
248 1851 322 1915 aliis
351 1852 521 1918 luxuriose
551 1854 696 1919 uiuendo
723 1856 911 1939 permixtus
942 1864 995 1919 est
1018 1863 1053 1918 et
1083 1853 1316 1918 manifestatus

122 1966 167 2020 est
186 1956 261 2021 talis
282 1959 373 2022 uitae
396 1958 505 2037 luisse,
520 1959 563 2023 ad
584 1961 815 2043 episcopatum
837 1981 905 2024 non
928 1960 1050 2023 debere
1073 1958 1222 2040 produci,
1238 1958 1317 2023 licet

121 2063 176 2126 etsi
204 2065 385 2128 secundum
415 2085 529 2129 eorum
560 2066 700 2129 uerbum
729 2065 899 2148 baptisma
929 2063 1028 2127 suerit
1057 2063 1244 2129 adsecutus
1287 2065 1315 2129 si
1334 2077 1370 2147 15

120 2303 170 2370 τόν
184 2305 227 2376 είς
242 2306 429 2390 ἐπισκοπὴν
443 2308 672 2392 παραγόμενον
680 2307 833 2393 μάλιστα
847 2306 916 2374 α’πδ
932 2306 1087 2374 τοιούτων
1101 2305 1317 2394 γνωρίζεσθαι

120 2404 181 2473 δεῖν
194 2406 378 2491 ἡγούμενος·
401 2409 472 2476 ἐπεὶ
488 2410 544 2475 καὶ
558 2412 689 2494 γέλοιον
703 2413 840 2494 νομίζειν
852 2412 990 2478 Παῦλον
1002 2410 1117 2495 νόμους
1131 2408 1257 2477 τιθέναι
1270 2410 1316 2494 μη

119 2512 243 2594 γνάμην
261 2511 486 2596 δοκιμάζοντα,
503 2513 581 2581 ἀλλ’
597 2512 666 2582 άπὸ
684 2517 740 2596 τῆς
759 2513 940 2607 συντυχίας
959 2513 1019 2597 τὴν
1038 2513 1203 2603 διάκρισιν
1223 2514 1316 2603 ε’ργα-

121 2614 253 2696 ξάμενον.
289 2614 318 2681 εἰ
330 2615 396 2703 γάρ
407 2643 457 2688 τις
472 2618 575 2684 ε’κεῖνο
589 2617 689 2701 λόγοι,
701 2617 754 2685 ότι
767 2618 870 2707 μικρὰ
882 2619 937 2685 καὶ
953 2621 1010 2700 τῆς
1025 2618 1204 2707 συντυχίας
1220 2624 1317 2704 φρου-

120 2720 219 2796 τίσας,
244 2719 393 2792 πλείονος
422 2723 481 2803 τῆς
511 2720 682 2809 ἀκριβείας
705 2722 937 2807 ἐπιμελόμενος
960 2723 1015 2791 ἐπὶ
1039 2727 1097 2790 τοῦ
1120 2723 1316 2807 ἐπισκόπου,
1330 2749 1374 2799 20

84 2858 90 2867 ·
119 2821 260 2901 ἐνόμισεν
269 2822 367 2889 αὐτόν
379 2823 469 2895 όπως
481 2824 564 2892 ποτὲ
573 2829 635 2915 μιᾷ
644 2825 712 2892 δεῖν
722 2825 984 2908 κεκοινωνηκότα
994 2827 1144 2911 γυναικί·
1164 2826 1318 2910 άκουέτω,

120 2921 169 2988 ότι
183 2924 265 2991 κατά
285 2932 403 2994 τοῦτον
418 2926 475 2995 τόν
494 2928 597 3013 λόγον
612 2927 684 2995 οὐδὲ
696 2928 779 3012 μετά
795 2930 1031 3013 βαπτίσματος
1046 2937 1196 2999 τοιοῦτον
1210 2933 1319 3023 παρά-

120 3028 233 3109 γεσθαι
254 3029 378 3097 δίκαιον
402 3031 451 3113 ἦν.
507 3030 544 3098 οὐ
566 3030 631 3118 γάρ
653 3031 693 3113 δι)
715 3031 754 3097 τὸ
774 3031 959 3117 βάπτισμα
979 3033 1001 3115 ἢ
1025 3032 1084 3101 οὐκ
1112 3033 1196 3101 εἶναι
1217 3035 1318 3104 αὐτόν

122 3128 212 3197 δυσὶν
235 3133 494 3215 κεκοινωνηκότα
522 3139 614 3202 ποιεῖ
634 3135 794 3221 γυναιξίν,
818 3135 838 3218 ἣ
863 3135 957 3224 παρά
981 3141 1090 3204 πᾶσιν
1116 3138 1159 3211 ale
1181 3142 1242 3229 μιᾷ
1265 3166 1318 3207 κε-

121 3239 332 3320 κοινωνηκότα
368 3238 689 3323 ὑπολαμβάνεσθαι·
733 3242 855 3327 πολλῷ
885 3239 920 3306 δὲ
948 3239 1054 3307 πλέον
1083 3240 1141 3308 τόν
1168 3244 1230 3332 μιᾷ
1257 3242 1318 3326 μὲν
1331 3268 1349 3315 2
1355 3264 1370 3332 5

121 3342 337 3426 σνγγεγονότα
366 3342 454 3409 κατά
481 3342 543 3425 τὴν
571 3343 710 3428 νόμιμον
734 3344 927 3430 συνάφειαυ,
952 3348 1098 3416 πολλαῖς
1129 3344 1163 3413 δὲ
1193 3345 1317 3434 ἑτέραις

120 3443 306 3517 ἀκολάστως
321 3445 572 3529 συμπλακέντα,
594 3448 650 3514 καὶ
671 3446 841 3534 πρόδηλον
862 3446 919 3514 ἐπὶ
939 3450 986 3537 τῷ
1005 3447 1142 3536 τοιούτῳ
1159 3451 1318 3535 γεγονότα

120 3546 184 3630 βίῳ
201 3547 243 3617 είς
259 3546 319 3629 τὴν
340 3547 529 3629 ἐπισκοπὴν
548 3548 761 3635 παράγεσθαι
780 3547 845 3640 οόχ
862 3547 964 3628 όσιον,
980 3548 1067 3615 κατά
1084 3577 1123 3634 γε
1141 3549 1199 3618 τὸν
1217 3551 1318 3620 αὐτόν

120 3648 225 3730 λόγον,
239 3648 291 3715 διά
311 3649 349 3717 τὸ
372 3653 431 3716 τοῦ
444 3651 683 3736 βαπτίσματος
697 3650 922 3742 τετυχηκέναι.
962 3652 991 3720 εί
1008 3651 1074 3740 γάρ
1094 3652 1133 3735 δν)
1153 3652 1209 3721 τόν
1229 3654 1318 3740 νομί·

173 3877 223 3948 rb.
234 3878 261 3929 P.
274 3879 307 3928 ad
326 3878 363 3943 pl.
380 3878 414 3927 H
423 3876 427 3943 Ι
441 3894 499 3928 eum
516 3893 555 3927 om
573 3894 590 3928 r
708 3894 723 3943 3
739 3879 889 3929 constituere
906 3878 916 3942 (
917 3880 964 3943 sor
980 3880 1050 3942 stat.)
1068 3896 1085 3930 r
1198 3898 1213 3942 4
1230 3897 1261 3932 ex
1277 3897 1318 3933 ac·

122 3956 209 4006 ridenti
220 3959 366 4008 discretione
379 3959 410 4007 H
419 3957 424 4019 Ι
438 3960 572 4009 accedente
586 3958 625 4009 C*
636 3958 690 4022 (bis)
790 3971 803 4022 5
820 3960 943 4010 accidenti
955 3962 989 4010 H
1081 3958 1097 4011 6
1113 3961 1229 4026 exiguam
1243 3962 1324 4013 C'H

124 4050 137 4098 7
154 4039 262 4090 deberent
274 4058 290 4090 r
302 4040 307 4107 Ι
321 4042 348 4091 in
360 4039 418 4104 (sor
427 4043 480 4104 uni)
492 4057 508 4091 r
574 4057 600 4092 ιι
614 4041 729 4091 homines
740 4041 797 4106 (for
807 4041 903 4106 omnes)
917 4059 933 4091 r
944 4040 948 4100 Ι
963 4042 1104 4093 existimare
1116 4059 1132 4091 r
1198 4058 1226 4094 ιο
1237 4044 1318 4095 multo

122 4133 146 4165 a.
163 4134 216 4170 uero
231 4139 246 4169 r
258 4121 263 4186 Ι
277 4132 303 4172 et
318 4138 359 4171 om
373 4121 458 4171 C'H
553 4134 581 4185 15
599 4122 645 4172 etsi
653 4138 692 4171 om
703 4139 719 4170 r
732 4122 737 4188 Ι
751 4122 884 4172 uerborum
898 4123 920 4175 C
927 4123 960 4172 H
965 4139 982 4172 κ
1087 4138 1119 4177 τε
1135 4125 1318 4187 παραγενέσθαι

123 4200 176 4250 cod.
188 4202 240 4252 edd.

157 4403 178 4444 4.
208 4403 236 4435 αι
250 4403 287 4437 ιιι.
303 4395 373 4439 etex
387 4387 448 4450 ace]
466 4386 506 4439 Ci.
525 4387 543 4437 l.
562 4400 585 4452 5,
606 4387 688 4439 where
773 4399 796 4450 7.
830 4387 880 4437 uni
903 4394 921 4437 t.
948 4386 1009 4438 coire
1034 4387 1210 4450 uxon]=cum
1234 4405 1315 4446 una...

126 4467 165 4525 τῆς
174 4471 295 4531 συντυχίαι
305 4470 327 4521 is
338 4469 413 4534 again
424 4469 519 4534 doubly
530 4471 689 4535 represented
739 4484 864 4519 uxore-a
876 4468 1002 4520 reflection
1013 4469 1042 4518 os
1050 4469 1093 4519 the
1104 4470 1155 4521 Gk.
1169 4468 1224 4535 (μιᾷ
1233 4478 1317 4525 uwel·

125 4547 151 4595 in
161 4549 198 4600 the
208 4551 301 4602 version
311 4570 319 4613 ;
337 4551 387 4603 and
399 4567 440 4603 see
451 4563 468 4602 1.
481 4568 506 4617 p.
522 4552 602 4602 xxxvi.
741 4551 790 4601 θεῖν
800 4548 918 4614 purorum
934 4549 966 4600 ci.
978 4550 1058 4614 infra,
1070 4549 1088 4600 l.
1100 4566 1125 4614 p.
1142 4565 1180 4600 ιο.
