3142 5100
564 324 693 402 264
1230 331 1688 384 THEODORUS
1737 330 2222 383 MOPSUESTEN
2231 330 2319 389 US

565 509 722 572 bere
753 526 904 570 cum
940 505 1121 569 omni
1164 507 1504 590 praecepit
1549 504 2015 578 sollicitudine,
2047 505 2188 567 siue
2232 502 2471 586 impios
2507 500 2803 565 habeant
2839 501 2972 562 siue

567 612 714 695 pios
756 610 1082 672 dominos.
1171 628 1329 671 nam
1379 616 1448 671 et
1493 609 1560 670 in
1600 608 1931 689 praesenti
1964 606 2264 689 epistola,
2297 606 2590 669 scribens
2624 605 2771 668 uiro
2801 603 2971 667 fideli

568 725 636 780 et
666 735 790 777 suo
831 711 1157 794 discipulo
1204 733 1487 795 magnus
1529 712 1644 775 ille
1691 711 1954 788 Paulus,
1986 722 2056 774 et
2099 710 2226 774 hoc
2267 711 2352 774 de
2382 730 2575 774 seruo
2619 710 2683 772 in
2729 708 2970 771 meliori

567 827 748 882 statu
811 837 1075 881 reuerso
1133 824 1202 879 et
1257 818 1695 899 promittente
1755 817 1936 898 quod
1986 817 2071 879 de
2120 824 2343 878 cetero
2402 816 2659 895 integro
2712 810 2970 875 arbitrio

507 935 539 1001 5
570 942 722 985 cum
783 920 966 984 omni
1025 921 1384 984 deuotione
1442 922 1691 985 seruiat
1750 920 2046 996 domino,
2104 940 2238 983 non
2297 918 2481 982 iubet
2555 925 2629 978 ut
2688 913 2972 978 dimittat

569 1045 834 1090 seruum
886 1024 1166 1088 liberum
1215 1045 1336 1107 per
1392 1026 1645 1089 arbitrii
1707 1025 2225 1088 mutabilitatem
2286 1025 2353 1088 in
2417 1022 2669 1095 meliuS,
2719 1018 2969 1082 ueniam

572 1148 732 1192 uem
784 1130 944 1192 dare
990 1129 1051 1192 ei
1104 1138 1411 1211 precatur
1457 1139 1723 1193 tantum
1774 1131 1860 1193 de
1910 1130 2041 1193 illis
2099 1150 2273 1212 quae
2334 1138 2493 1192 ante
2553 1130 2974 1209 peccauerat;

572 1232 696 1292 hnc
748 1230 883 1294 fieri
929 1251 1081 1294 cum
1129 1231 1340 1295 multa
1386 1232 1684 1314 postulat
1729 1233 2230 1316 supplicatione.
2317 1233 2371 1294 si
2418 1252 2579 1293 uero
2624 1229 2858 1312 aliquis
2898 1229 2973 1290 de

576 1332 676 1396 his
708 1335 819 1416 qui
852 1355 1031 1398 nunc
1059 1346 1215 1398 sunt
1246 1335 1450 1399 talem
1482 1358 1755 1400 causam
1791 1338 2167 1411 inuenisset,
2197 1339 2462 1400 ueniam
2494 1339 2766 1419 quidem
2798 1353 2974 1396 seruo

476 1460 552 1504 10
576 1440 716 1500 [lari
757 1458 798 1500 a
836 1438 1112 1500 domino
1151 1458 1279 1500 nec
1320 1440 1725 1521 supplicaret
1767 1460 1889 1502 nec
1926 1449 2202 1522 peteret,
2236 1440 2354 1503 sed
2397 1461 2550 1503 cum
2594 1440 2806 1502 multo
2834 1440 2972 1501 scri-

580 1540 762 1604 beret
810 1542 1090 1624 imperio
1142 1546 1460 1626 quoniam
1511 1549 1818 1626 ‘oportet
1855 1565 2120 1608 seruum
2175 1544 2308 1608 fide
2344 1545 2538 1607 nobis
2582 1546 2874 1607 iunctum
2916 1552 2975 1603 et

580 1648 664 1712 ad
710 1648 1027 1728 pietatem
1074 1659 1316 1732 sponte
1359 1657 1734 1711 currentem
1781 1648 2042 1711 liberari
2092 1649 2178 1710 de
2207 1646 2512 1711 seruitio?
2605 1646 2772 1710 tales
2813 1645 2973 1706 enirn

584 1752 772 1812 multi
822 1762 980 1816 sunt
1027 1753 1395 1836 praesentis
1434 1752 1776 1834 tempori5‚
1815 1752 1930 1834 qui
1975 1753 2153 1815 cauti
2196 1773 2269 1815 se
2313 1749 2553 1815 uolunt
2597 1752 2802 1817 uideri
2846 1750 2975 1815 aliis

580 1877 860 1920 onerosa
912 1855 1323 1938 imperand0.

480 1976 548 2040 15
712 1960 838 2023 hoc
897 1962 1075 2023 enim
1137 1958 1439 2042 inprimis
1500 1978 1634 2021 non
1687 1958 1952 2022 modico
2004 1978 2094 2021 ex
2145 1959 2288 2041 ipsa
2336 1957 2622 2039 epistola
2667 1958 2973 2031 docemur,

580 2068 759 2148 >quod
802 2085 844 2129 a
881 2063 1114 2129 multis
1155 2073 1223 2128 et
1270 2065 1613 2146 ignoratur
1656 2073 1724 2128 et
1773 2062 2168 2145 neglegitur.
2253 2063 2434 2126 aliud
2483 2082 2660 2139 uero,
2704 2061 2878 2145 quod
2917 2061 2975 2121 in

680 2272 708 2312 4
748 2257 930 2300 stature
950 2265 1097 2301 uerso
1124 2248 1202 2299 C*
1231 2249 1294 2298 Η
1494 2263 1521 2310 5
1556 2256 1720 2299 seruat
1745 2249 1815 2298 Η
2015 2251 2046 2299 8
2081 2263 2194 2297 cum
2215 2263 2292 2297 om
2316 2247 2385 2296 Η
2591 2262 2611 2296 1
2626 2261 2644 2296 1
2680 2244 2823 2294 nohis
2844 2243 2932 2292 fide
2950 2257 2977 2289 r

592 2348 644 2380 η
683 2330 948 2380 liberaliter
987 2332 1192 2380 seruitio
1236 2329 1317 2379 C*
1399 2328 1673 2379 liberaliter
1693 2330 1857 2378 seruio
1878 2329 1947 2379 H
2017 2329 2217 2379 liberari
2251 2345 2283 2378 a
2319 2328 2526 2378 seruitio
2562 2345 2623 2378 r:
2656 2335 2734 2378 ext
2773 2327 2816 2377 C
2846 2325 2974 2387 (corr)

592 2428 648 2476 13
680 2419 851 2461 eautos
874 2428 905 2460 r
1138 2427 1157 2460 ι
1166 2427 1193 2475 5
1229 2410 1326 2461 hoc
1348 2410 1880 2476 enim...praespieitur
1903 2413 1987 2474 (p.
2013 2408 2124 2472 265,
2151 2410 2190 2458 l.
2219 2411 2296 2474 13)
2321 2426 2399 2459 om
2423 2427 2462 2459 r

584 2592 700 2640 saga:
736 2576 777 2623 is
812 2573 1056 2638 correctly
1078 2574 1336 2624 described
1372 2573 1441 2636 by
1462 2575 1548 2623 the
1583 2573 1662 2639 Bp
1696 2572 1754 2622 of
1849 2574 2268 2633 ἐξατοστελοῦσιυ,
2289 2573 2515 2635 γινέσθω.
2563 2572 2644 2623 Of
2647 2572 2727 2622 the
2741 2570 2971 2621 liberatior:

588 2660 821 2708 Chartres
868 2672 924 2707 as
972 2656 1235 2721 occurring
1290 2662 1323 2685 “
1340 2657 1393 2707 in
1448 2665 1745 2721 argumento
1845 2656 1904 2704 os
1930 2672 1961 2704 a
1990 2655 2126 2705 slave
2160 2655 2312 2719 being
2342 2656 2585 2719 regarded
2616 2672 2670 2704 as
2692 2672 2720 2703 a
2742 2666 2972 2713 neoesmry

584 2740 824 2804 epistulae
846 2740 908 2788 ad
935 2738 1332 2789 Philemonem.'’
1847 2753 2190 2801 consequence
2212 2737 2272 2786 of
2287 2738 2366 2786 his
2388 2738 2607 2802 baptism
2622 2753 2680 2785 or
2690 2735 2970 2788 conversim,

652 2820 700 2868 fi.
765 2827 863 2884 per
908 2819 1013 2867 arb.
1065 2819 1253 2867 mutab.
1300 2820 1359 2869 in
1404 2818 1746 2881 meliusJ=Btd
1847 2818 1988 2867 there
2022 2833 2181 2866 seems
2220 2825 2274 2866 to
2312 2817 2377 2866 be
2414 2832 2482 2866 no
2526 2825 2676 2877 trace,
2713 2816 2812 2865 and
2852 2810 2973 2863 ‘11st

588 2904 644 2952 τὸ
680 2904 744 2948 εἰς
770 2902 827 2951 τὸ
857 2902 1080 2964 κρεῖσσον
1108 2898 1438 2963 &mua-ravat
1461 2900 1542 2963 [?].
1601 2901 1680 2951 Cf.
1701 2911 1737 2950 1.

588 3000 636 3048 p.
664 2984 728 3032 xl.
1569 2988 1573 2991 ”

664 3081 732 3113 to.
792 3079 905 3113 cum
930 3079 995 3112 m.
1014 3062 1241 3111 scriberet
1260 3061 1481 3125 imperio]
1528 3062 1578 3111 A
1601 3061 1746 3111 letter

592 3145 632 3193 is
656 3151 823 3193 extant
847 3142 898 3190 in
915 3140 1077 3190 which
1095 3141 1385 3203 S-Gregory
1400 3139 1746 3188 osNazianzus

592 3241 732 3289 urgues
759 3239 892 3287 upon
928 3238 960 3271 a
991 3221 1244 3271 Christian
1278 3220 1396 3284 lady
1423 3219 1507 3269 the
1537 3220 1662 3283 duty
1695 3217 1752 3269 of

592 3305 942 3367 manumitting
963 3319 994 3351 a
1015 3303 1164 3361 slave,
1186 3302 1301 3350 who
1322 3302 1513 3364 against
1531 3301 1611 3349 his
1633 3316 1747 3350 own

588 3389 692 3437 will
736 3387 831 3437 had
878 3388 1005 3435 been
1045 3385 1237 3434 elected
1282 3385 1381 3433 and
1428 3385 1747 3434 consecrated

596 3469 781 3532 Risi-inp
807 3467 1003 3531 (Migne
1026 3467 1085 3515 P.
1121 3467 1178 3515 G.
1211 3480 1291 3527 37,
1317 3481 1517 3529 149sq.‚
1540 3466 1670 3515 cited
1696 3466 1749 3514 in

592 3553 724 3601 Hirr.
744 3550 1147 3615 osCler.Antiqq.
1166 3549 1215 3598 ii.
1242 3551 1401 3613 1905).
1425 3549 1536 3597 The
1546 3549 1750 3597 Church

592 3633 822 3681 hmwver
844 3631 1169 3695 discouraged
1196 3631 1280 3679 the
1304 3630 1510 3694 secking
1532 3630 1591 3679 of
1611 3630 1750 3694 Holy

596 3705 780 3761 Urd'ers
812 3713 879 3776 by
904 3728 1108 3777 persons
1138 3712 1189 3759 in
1220 3727 1250 3759 a
1280 3711 1456 3760 servile
1489 3712 1749 3761 condition

592 3797 712 3841 with
744 3812 774 3843 :t
801 3798 928 3844 view
956 3804 1008 3843 to
1036 3794 1338 3858 subsequent
1368 3793 1742 3853 manumission,

596 3876 848 3941 requiring
899 3875 983 3924 the
1032 3873 1264 3938 previous
1307 3882 1514 3923 consent
1558 3874 1617 3924 os
1663 3876 1749 3925 the

1849 2914 2055 2949 censure
2085 2899 2128 2948 is
2155 2900 2370 2966 perhaps
2402 2901 2628 2950 directed
2660 2902 2776 2964 only
2806 2898 2972 2964 against

1848 2981 1933 3030 the
1968 2980 2239 3045 imperious
2276 2990 2395 3030 tone
2431 2981 2597 3031 which
2639 2997 2776 3031 some
2814 2980 2870 3029 of
2900 2978 2971 3027 the

1847 3061 2016 3125 clergy
2059 3075 2188 3110 were
2231 3060 2506 3125 beginning
2548 3069 2602 3111 to
2635 3048 2785 3127 adop'i
2823 3059 2899 3122 (ef.
2939 3070 2971 3106 1.

1847 3159 1900 3208 p.
1923 3143 2085 3209 lxix.).

1914 3226 2014 3273 Th.
2029 3226 2121 3275 has
2141 3225 2269 3275 been
2291 3224 2493 3275 blamed
2518 3226 2595 3275 for
2620 3226 2872 3288 “timidity
2889 3222 2971 3272 and

1848 3321 2019 3355 excess
2040 3304 2100 3354 os
2114 3305 2356 3355 caution”
2376 3306 2430 3354 in
2453 3306 2532 3355 bis
2555 3314 2810 3356 treatment
2832 3303 2885 3352 of
2903 3304 2971 3351 the

1848 3388 2075 3453 question
2092 3388 2150 3437 of
2159 3388 2685 3453 slave-emancipation
2707 3386 2969 3451 (Lightsoot‚

1849 3469 2042 3518 Introd.
2083 3485 2132 3533 p.
2159 3484 2269 3532 394,
2308 3478 2428 3518 note
2468 3470 2530 3529 1).
2604 3470 2699 3519 Yet
2733 3470 2768 3519 it
2800 3467 2971 3532 maybe

1852 3550 2148 3614 questioned
2194 3550 2420 3599 whether
2473 3550 2539 3600 he
2594 3552 2807 3615 displays
2856 3563 2971 3598 more

1850 3629 2053 3679 cantion
2087 3631 2208 3679 than
2241 3630 2327 3680 the
2361 3632 2575 3695 Apostle
2618 3631 2823 3681 himself.
2880 3629 2973 3678 The

1853 3712 2012 3760 world
2036 3726 2139 3759 was
2161 3719 2249 3759 not
2274 3711 2379 3775 ripe
2401 3712 2454 3760 in
2482 3713 2568 3762 the
2598 3713 2698 3762 first
2725 3728 2781 3761 or
2804 3726 2912 3761 even
2931 3709 2973 3756 'ru

1854 3792 1939 3842 the
1963 3791 2074 3841 fifth
2095 3800 2302 3855 century
2323 3792 2399 3842 sor
2419 3809 2450 3841 a
2475 3794 2662 3858 victory
2683 3794 2740 3843 os
2755 3792 2971 3844 Christian

1852 3873 1968 3922 love
1989 3874 2153 3923 which
2177 3889 2270 3922 our
2289 3888 2405 3923 own
2433 3890 2526 3938 age
2556 3875 2647 3925 has
2667 3883 2753 3925 not
2781 3883 2858 3939 yet
2876 3887 2972 3922 con·

596 3977 672 4005 rna
680 3971 803 4018 stem
822 3956 881 4006 cf.
896 3973 1006 4005 can.
1016 3963 1167 4019 apost.
1180 3959 1208 4005 8
1218 3973 1236 4006 1
1253 3969 1265 4003 :
1290 3958 1475 4006 οἰκέτας
1492 3958 1556 4007 εἰς
1571 3954 1748 4020 κλῆρον

596 4040 983 4102 προχειρίζεσθαι
1004 4036 1113 4086 ἄνευ
1135 4034 1222 4097 τῆς
1242 4035 1336 4085 τῶν
1363 4036 1612 4087 δεσποτῶν
1626 4036 1748 4099 ’γνώ-

596 4137 700 4177 ‚mm
732 4117 1005 4179 ἀνατροπὴν
1032 4120 1089 4167 τὸ
1110 4121 1302 4168 τοιοῦτο
1320 4120 1596 4183 ἐργάζεται·
1632 4121 1675 4169 εἰ
1700 4120 1752 4169 δέ

596 4221 716 4249 ποτε
740 4203 812 4249 καὶ
830 4200 953 4259 ἄξιος
971 4200 1147 4260 φανείη
1163 4198 1188 4246 ὁ
1208 4201 1391 4259 οἰκέτης
1407 4204 1524 4263 πρὸς
1536 4219 1750 4262 xus-oro·

600 4289 704 4329 μίαν
740 4285 941 4345 βαθμοῦ,
978 4284 1071 4332 οἷος
1116 4285 1194 4330 καὶ
1232 4279 1258 4330 ὀ
1297 4280 1521 4345 ἡμέτερος
1561 4283 1752 4343 Ὀνήσι-

596 4381 680 4421 μῡς
704 4362 871 4421 ἐφάνη,
901 4365 980 4410 καὶ
1013 4364 1413 4424 συγχωρήσουσιν
1437 4366 1481 4412 οἱ
1512 4364 1752 4415 δεσπόται

600 4453 676 4493 καί
708 4443 1105 4505 ἐλευθερώσουσιν
1141 4447 1223 4493 καὶ
1265 4448 1348 4494 τοῦ
1396 4449 1531 4495 οἴκου
1568 4448 1748 4497 ἑαυτῶν

1850 3955 2147 4004 summated.

1925 4053 2000 4099 13.
2047 4037 2139 4101 qui
2155 4036 2293 4086 cauti
2311 4053 2361 4085 se
2380 4037 2562 4087 uolunt
2581 4038 2709 4100 uid]
2729 4038 2780 4086 A
2793 4035 2970 4085 mixture

1853 4120 1911 4169 os
1939 4120 2026 4169 the
2049 4130 2149 4169 two
2171 4122 2537 4171 constructions
2561 4122 2654 4186 qui
2675 4122 2806 4171 cauti
2826 4118 2975 4168 uolunt

1855 4203 2032 4257 uideri,
2055 4203 2155 4251 and
2177 4203 2271 4266 qui
2289 4211 2457 4252 cautos
2477 4220 2540 4262 se,
2562 4205 2653 4253 Sto.

1926 4301 1998 4348 15.
2063 4283 2263 4347 modico]
2321 4286 2370 4333 A
2396 4302 2504 4336 rare
2526 4287 2626 4335 and
2657 4286 2754 4334 late
2781 4285 2892 4334 form
2911 4279 2972 4329 sor

1857 4368 2052 4425 modice,
2076 4368 2141 4419 cf.
2171 4378 2232 4418 11.
2259 4383 2309 4432 p.
2342 4384 2453 4431 ²44·
2479 4370 2514 4417 l.
2540 4385 2618 4428 21,
2647 4377 2780 4418 note.
