3142 5100
318 588 411 652 'bene
425 588 515 652 dixit
530 587 565 652 in
580 588 637 653 boc
648 589 779 667 saeculo,
796 595 834 654 ut
850 588 1006 654 ostendat
1018 589 1108 672 ipsas
1122 588 1260 654 diuitias
1269 584 1474 671 temporales

259 711 340 768 esse,
356 712 417 776 pro
432 691 553 776 quibus
568 692 623 756 uel
639 693 788 757 maxime
803 712 870 756 non
885 692 1107 756 conueniebat
1122 702 1159 757 ut
1174 690 1245 755 alta
1260 698 1434 774 saperent

324 856 422 918 neque
434 845 560 916 sperare
575 835 610 898 in
626 833 743 898 incerto
755 834 964 900 diuitismm.

263 404 326 472 186
595 417 826 473 nraoooaus
849 417 1143 472 mopsuestenus
1242 402 1319 489 [VI.
1342 393 1475 486 17-1o

325 962 359 1018 et
388 953 452 1017 hoc
477 953 581 1018 adicit
606 963 644 1019 ut
669 955 830 1019 ostendat
856 954 1015 1038 quoniam
1046 975 1155 1038 neque
1180 954 1216 1018 in
1244 953 1310 1018 hoc
1339 951 1475 1018 saeculo
1543 1005 1544 1028 1

228 1062 245 1129 5
260 1058 398 1123 diuitiae
413 1080 433 1122 a
449 1059 608 1124 diuitibus
623 1068 722 1124 caute
737 1069 905 1125 tenentur.

323 1206 382 1269 sed
394 1205 428 1270 in
443 1206 513 1270 Deo
526 1206 611 1283 urire,
625 1207 686 1291 qui
690 1208 823 1291 praebet
835 1205 926 1274 nobes
939 1207 1051 1272 ornere
1065 1205 1191 1271 abunde
1205 1206 1255 1270 ad
1256 1203 1474 1288 fruitionem.

325 1327 454 1411 optime
469 1335 582 1392 autem
599 1332 712 1413 posuit
728 1329 771 1393 de
785 1328 911 1395 diuitiis
926 1328 1170 1412 temporalibus
1185 1329 1279 1393 illam
1295 1327 1473 1391 abundan-

260 1429 342 1495 tiam
372 1451 460 1514 quae
483 1450 505 1495 a
528 1431 606 1496 Deo
630 1431 727 1496 nobis
750 1432 859 1497 datur.
902 1432 977 1515 quis
1006 1433 1096 1496 enim
1120 1432 1169 1495 sic
1193 1431 1317 1496 stultus
1345 1439 1407 1494 est
1438 1438 1475 1493 ut

260 1533 391 1598 dubitet
417 1534 498 1618 quin
527 1534 646 1600 melius
676 1537 720 1600 sit
744 1537 778 1601 in
810 1537 922 1601 Deum
951 1556 1087 1619 sperare
1117 1557 1222 1619 quam
1252 1536 1286 1599 in
1315 1534 1473 1600 diuitiis?
1544 1535 1545 1594 i

209 1635 350 1705 lounde
365 1645 399 1701 et
414 1637 537 1701 adiecit
560 1638 711 1716 ‘uiuum’
727 1646 766 1703 ut
785 1639 894 1722 magis
915 1638 997 1703 illud
1019 1649 1213 1723 exaggeret.
1258 1639 1472 1721 comparauit
1544 1701 1545 1708 ,

203 1745 207 1754 “
261 1741 349 1830 enim
372 1761 449 1806 cum
473 1742 539 1806 Dei
560 1743 829 1827 sempiternitate
848 1743 1041 1807 diuitiarum
1062 1763 1160 1807 usum
1183 1740 1422 1825 temporalem,
1439 1748 1472 1805 et

261 1844 370 1926 ipsum
386 1865 483 1908 usum
497 1845 588 1909 dixit
602 1866 676 1910 esse
699 1844 899 1910 ‘incertum’
944 1854 978 1910 et
1001 1846 1092 1928 quod
1116 1843 1227 1909 dixit:
1248 1845 1360 1908 omneis
1383 1844 1474 1908 nobis

260 1947 386 2012 obtende
403 1949 541 2031 praebet,
566 1970 682 2014 uerum
707 1970 779 2013 esse
803 1950 848 2014 ab
873 1949 930 2014 illo
955 1949 1030 2014 loco
1055 1970 1123 2033 quo
1148 1950 1301 2032 superius
1330 1949 1470 2013 dixerat

261 2051 398 2116 euidens
413 2061 472 2129 est,
488 2054 647 2136 quoniam
663 2054 777 2118 omnia
792 2054 862 2118 eius
882 2054 1027 2119 fruimur.
1073 2062 1109 2118 et
1126 2063 1164 2118 ut
1178 2053 1376 2118 ostenderet
1392 2054 1471 2136 quia

210 2173 246 2240 15
261 2162 395 2238 oportet
410 2156 517 2239 magis
533 2157 610 2222 Deo
624 2158 752 2234 intueri,
769 2177 873 2241 aquo
893 2165 928 2220 et
948 2156 1098 2220 omniurn
1118 2156 1283 2221 bonorum
1301 2154 1469 2219 habemus

260 2261 461 2338 fruitionem,
476 2259 697 2342 despicientes
720 2259 794 2323 illas
816 2280 898 2342 opes
921 2279 1008 2341 quae
1031 2260 1129 2323 nobis
1153 2261 1187 2323 in
1210 2268 1389 2342 praesente
1412 2261 1470 2324 ad·
1545 2233 1546 2288 ἶ

261 2373 359 2443 sunt3
382 2365 539 2427 conuenit
560 2384 640 2428 uero
654 2384 715 2428 nos
730 2384 863 2447 semper
884 2365 1010 2446 gratias
1030 2385 1130 2447 agere
1150 2365 1227 2429 Deo
1246 2364 1302 2448 qui
1318 2365 1469 2428 omnium

261 2489 347 2554 quae
367 2468 515 2552 potimur
529 2467 693 2530 bonorum
712 2477 829 2532 auctor
848 2476 882 2531 et
896 2468 1041 2530 donator
1063 2487 1136 2531 esse
1157 2467 1299 2532 uidetur.
1345 2467 1471 2530 deinde

261 2582 296 2637 et
314 2572 404 2656 quod
421 2573 642 2637 necessarium
658 2581 729 2637 erat
744 2572 900 2655 posthoc
916 2572 1025 2637 iacere
1039 2572 1115 2637 illos
1130 2574 1298 2649 instruxit,
1314 2571 1452 2636 dicens:

206 2739 250 2788 20
326 2713 442 2779 bonum
457 2714 658 2798 repressorem,
674 2713 795 2779 devites
806 2735 871 2779 esse
885 2713 922 2780 in
936 2715 1081 2800 open'bus
1096 2715 1193 2794 bone,
1201 2715 1308 2799 facile
1321 2715 1471 2794 tribuere,

260 2819 500 2884 communicare.

326 2948 361 3004 et
376 2940 467 3025 quod
483 2941 545 3005 erit
560 2961 604 3005 ex
620 2939 684 3005 hoc
699 2940 852 3007 lucrum?
896 2941 1022 3008 dicito:

326 3075 579 3141 thesaurizantes
608 3076 743 3161 (inquit)
780 3077 848 3142 sibi
875 3076 955 3161 ipsis
981 3076 1244 3161 fundamentum
1281 3077 1395 3143 bonum
1435 3077 1473 3140 ire

252 3181 382 3264 futuro,
399 3190 438 3249 ut
450 3181 693 3265 adprehendant
705 3182 813 3247 uitam
828 3191 1002 3248 aeternam.

310 3330 472 3381 struendum
485 3331 544 3396 (sor
553 3331 632 3394 fruit.)
645 3349 662 3382 r
815 3338 933 3397 7c0ntra
945 3333 1002 3399 (sor
1011 3335 1105 3395 autem)
1117 3349 1135 3382 r
1285 3348 1313 3383 12
1331 3332 1447 3382 ommbus
1459 3351 1477 3383 r

263 3424 292 3475 15
310 3412 400 3463 intueri
412 3414 496 3463 Deum
506 3430 523 3463 r
535 3411 539 3477 Ι
554 3415 613 3464 bon.
627 3429 695 3464 omn.
709 3428 727 3463 r
847 3413 877 3465 16
894 3415 920 3464 in
931 3431 1012 3480 praes.
1023 3428 1063 3467 om
1074 3415 1109 3466 H
1112 3432 1130 3466 r
1259 3431 1289 3485 ¹9
1305 3416 1353 3466 illis
1366 3417 1387 3466 C
1394 3417 1474 3481 (corr)

261 3508 292 3556 23
309 3494 497 3543 tessaurizantes
507 3494 541 3542 H
549 3492 554 3560 Ι
569 3492 650 3558 inquit
658 3510 699 3543 om
709 3491 742 3559 νΙ
757 3494 857 3545 sibimet
871 3493 976 3560 C(corr)

296 3627 319 3665 1.
356 3615 462 3665 diuitias
482 3617 634 3681 temporales]
670 3617 710 3668 Cf.
735 3619 841 3683 Chrysa
927 3632 965 3682 13.
993 3635 1041 3685 quo
1057 3606 1170 3685 super-ires
1188 3619 1301 3684 deiceret]
1333 3621 1379 3670 Le.
1394 3634 1432 3670 ou
1447 3636 1474 3671 e.

262 3697 340 3746 καλῶς
356 3697 424 3744 εἶπεν
443 3698 484 3745 ’ἐν
498 3694 534 3759 τῷ
550 3692 592 3746 νῦν
608 3695 700 3747 attare·
716 3700 777 3748 εἰσὶν
792 3700 843 3761 γὰρ
892 3697 925 3748 iv.
939 3715 962 3763 3,
974 3715 999 3764 q.
1014 3716 1038 3750 ν.

262 3779 301 3827 sei
314 3776 385 3826 ἄλλοι
396 3776 508 3827 πλούσιοι
519 3780 545 3828 ἐν
555 3776 721 3841 firmem.
748 3780 842 3831 Thus:
927 3795 965 3843 15.
992 3780 1163 3845 Decimum]
1192 3777 1285 3845 τῷθεῷ
1296 3781 1473 3845 spodii-teu.

261 3860 297 3921 τῷ
311 3859 337 3907 δὲ
353 3857 467 3922 διορισμῷ
480 3859 616 3921 ἀναγκαίως
630 3861 762 3925 ἑχοήσατο·
780 3863 842 3912 sirie
893 3860 941 3912 See
952 3877 993 3911 vv.
1002 3861 1030 3912 ll.

261 3933 311 4000 γὰρ
322 3934 433 3986 πλούσιοι
445 3939 483 3987 rei
495 3935 537 3987 τοῦ
547 3941 679 3998 μέλλοντος
689 3937 783 3991 aldens-
925 3957 966 3992 eo.
993 3943 1084 3993 bonurn
1105 3951 1166 4010 opus
1179 3944 1277 4009 secere]
1317 3944 1342 3994 Α
1362 3943 1474 4009 roughly

294 4017 319 4068 6.
347 4019 515 4082 praebet...ad
525 4021 688 4086 ΝΜ]
709 4023 742 4073 Ο.
751 4025 781 4072 1,.
791 4022 841 4073 and
892 4024 974 4074 literal
996 4025 1094 4075 version
1121 4025 1151 4075 of
1174 4024 1339 4088 ἅγιθοεργεῖν.
1379 4024 1472 4091 vulg„

262 4100 348 4165 vulg„
372 4103 572 4168 “praestat...ad
591 4102 748 4154 fruendum.¹'
791 4106 842 4156 For
892 4102 1093 4171 “beneagere.”

254 4182 352 4247 sneiteir
368 4197 410 4232 see
427 4194 446 4231 1.
463 4199 488 4248 p.
501 4197 540 4246 31,
554 4184 572 4232 l.
584 4199 608 4250 9,
625 4196 657 4234 11.
670 4201 696 4250 p.
711 4201 764 4249 142,
778 4186 797 4235 1.
809 4184 840 4244 63
926 4201 966 4249 23.
990 4186 1196 4249 thesaurizantes]
1218 4187 1255 4238 So
1263 4186 1327 4245 Gk.;
1341 4184 1473 4238 thelatin

263 4264 311 4313 and
324 4263 356 4314 ci.
369 4264 488 4325 Paucker,
503 4266 580 4314 melei.
592 4266 670 4316 leant
683 4268 736 4329 alt„
750 4284 776 4332 p.
792 4283 829 4318 ιο.
893 4267 1004 4318 versione
1015 4283 1059 4318 use
1073 4268 1116 4317 the
1130 4267 1290 4333 conjunctive
1304 4284 1333 4318 or
1347 4266 1474 4318 infinitive

299 4360 337 4395 ιο.
364 4346 454 4395 adiecit
467 4344 598 4409 ‘uimrm’J
623 4348 694 4399 Thus
705 4350 725 4398 it
737 4365 843 4414 appears
893 4349 1473 4416 (0.L.‚‘⁴thesaurizent”;Vu1g.,“theeau·

263 4426 317 4476 that
336 4426 394 4484 Th„
413 4427 440 4476 in
459 4443 584 4493 company
602 4430 665 4481 with
683 4430 772 4495 Chrys.
792 4431 843 4480 and
893 4430 1010 4493 rizare”).

264 4506 350 4561 Thdt..
365 4508 424 4556 read
436 4525 471 4568 τῳ
481 4505 560 4571 fiere.
672 4549 675 4555 ,
