3142 5100
298 392 360 460 252
630 392 860 444 runouonus
884 391 1177 445 noesunsrnuus
1268 366 1271 371 ’
1319 377 1397 464 [ΙΙΙ.
1415 391 1497 460 3-5.

296 569 353 653 qui
375 567 595 652 dignitatibus
617 568 791 633 sublimati
813 567 904 647 sint;
939 566 1057 632 melius
1078 567 1167 631 enim
1189 573 1242 631 est
1261 576 1300 630 ut
1319 586 1395 630 cum
1415 566 1498 630 omni

295 673 409 737 studio
423 694 509 756 quae
525 674 615 736 bona
629 681 708 737 sunt
730 692 820 755 agas,
841 673 1009 736 neminem
1025 670 1242 755 blasphemiis
1258 669 1404 755 pulsans.
1445 668 1498 732 sed

297 778 427 842 abstine
442 787 476 842 te
491 777 534 841 ab
550 777 641 841 omni
657 775 881 849 contentione,
898 777 1002 839 uitam
1019 784 1114 840 tuam
1130 796 1207 838 cum
1223 775 1315 839 omni
1332 773 1497 838 instituens

297 880 463 946 modestia
474 892 508 946 et
521 880 784 956 mansuetudine,
796 900 898 964 quam
916 879 1065 944 maxime
1080 888 1115 944 et
1131 900 1210 963 erga
1221 900 1340 944 omnes
1354 877 1497 942 homines

263 984 472 1069 yostendere
491 992 526 1048 te
548 986 713 1060 conuenit,
733 1002 800 1047 non
823 981 932 1047 solum
952 1003 1033 1066 erga
1055 984 1131 1047 illos
1153 985 1210 1068 qui
1233 983 1419 1068 principare
1433 982 1498 1047 aliis

297 1089 459 1165 uidentur,
474 1088 535 1152 sed
557 1108 636 1172 erga
656 1087 731 1152 illos
751 1088 808 1171 qui
830 1088 863 1150 in
879 1087 1087 1172 plebeiorum
1103 1096 1182 1152 sunt
1197 1087 1332 1153 ordine!
1376 1087 1495 1170 etquis

296 1211 318 1255 a
343 1192 546 1276 principibus
573 1193 733 1277 incipiens
761 1192 807 1257 ad
831 1202 959 1257 ceteros
988 1213 1086 1256 suum
1113 1193 1213 1258 uertit
1236 1211 1435 1267 sermonem,
1455 1191 1497 1253 in·
1541 1244 1542 1309 1

296 1302 427 1359 struens
442 1297 532 1378 quod
555 1297 757 1361 conueniens
775 1297 819 1363 sit
834 1307 872 1363 ut
894 1318 973 1382 erga
996 1319 1113 1362 omnes
1132 1297 1286 1362 homines
1308 1294 1496 1361 modestiam
1541 1320 1542 1363 5

296 1418 392 1462 suam
408 1401 610 1478 ostendanr3
633 1401 825 1467 obiciebant
846 1424 926 1467 uero
945 1404 975 1468 ei
992 1403 1039 1467 illi
1058 1403 1268 1486 quorundam
1287 1401 1496 1485 impietatem,

244 1501 340 1568 roob
355 1522 456 1584 quarn
479 1512 514 1569 et
529 1524 634 1587 usque
653 1506 696 1569 ad
717 1525 875 1588 praesens
895 1505 991 1571 multi
1010 1505 1159 1570 fidelium
1180 1507 1308 1570 bonum
1329 1504 1410 1588 quid
1428 1522 1493 1566 esse

296 1604 500 1685 existimant,
527 1607 555 1671 si
579 1609 739 1672 aduersus
763 1608 954 1674 huiusmodi
984 1609 1047 1693 ipsi
1078 1610 1172 1675 litem
1201 1620 1392 1688 exerceant,
1421 1610 1496 1674 bene

296 1710 434 1775 adiecit:

361 1886 493 1928 erarnns
521 1864 608 1929 enim
637 1875 670 1930 et
696 1886 755 1930 nos
783 1866 961 1949 aliqnando
989 1867 1058 1931 sine
1088 1866 1254 1942 intellectu,
1284 1864 1492 1939 insuadibiks,

296 1978 448 2046 errantes,
463 1971 635 2034 seruantes
645 1971 901 2055 cornnprscente'is
914 1981 947 2035 et
959 1969 1176 2054 uoluptatibus
1190 1969 1308 2049 uariis,
1324 1969 1360 2035 in
1376 1966 1495 2034 malitie

246 2081 279 2148 15
296 2082 327 2136 et
342 2071 470 2137 inuidia
485 2074 636 2157 degentes,
652 2074 792 2152 odibiles,
807 2075 945 2138 odientes
960 2074 996 2138 in
1012 2073 1158 2139 inuicem.

363 2201 408 2265 ‘si
433 2202 566 2285 (inquit)
590 2211 726 2286 propter
748 2203 956 2286 impietatem
979 2221 1056 2265 eum
1079 2202 1163 2275 odis,
1180 2221 1310 2265 memor
1331 2210 1404 2266 esto
1425 2222 1496 2284 quo

297 2303 387 2367 niam
402 2304 545 2369 antehac
567 2305 651 2370 tales
671 2326 803 2370 eramus
824 2301 957 2369 omnes?
1002 2304 1087 2369 bene
1108 2312 1223 2369 autem
1246 2306 1378 2383 adiecit,
1393 2307 1495 2372 dicens

296 2406 454 2483 onitin·
485 2406 550 2472 hoc
579 2416 641 2488 est,
673 2408 783 2492 ‘digni
810 2427 942 2471 eramus
966 2408 1059 2482 odiri,
1082 2407 1141 2471 sed
1172 2427 1240 2472 non
1271 2410 1388 2493 utique
1416 2411 1495 2475 nole

298 2510 418 2576 bamus
433 2511 536 2578 odiri!

242 2685 286 2734 20
362 2677 434 2720 cnm
461 2678 536 2721 nero
561 2656 744 2741 benignitas
766 2668 799 2723 et
817 2657 1008 2723 hnmanitas
1028 2658 1187 2742 adparuit
1206 2660 1385 2725 saluatoris
1403 2657 1498 2724 nostri

297 2760 370 2838 Dei,
386 2783 449 2824 non
463 2761 660 2845 exoperibus
675 2762 820 2826 iustitiae
833 2783 915 2845 quae
929 2783 986 2825 nos
996 2762 1141 2844 fecimus
1153 2762 1213 2826 sed
1223 2763 1397 2828 secundum
1411 2783 1495 2827 neon

299 2866 553 2931 neeserieordrarn
571 2867 720 2962 saluauit
735 2889 802 2945 nos,
816 2879 878 2952 per
896 2867 1025 2932 lauacri
1044 2867 1314 2950 regenerationem
1329 2877 1362 2931 et
1374 2886 1495 2930 rerroua·

348 3060 363 3109 3
380 3043 508 3097 abstinens
523 3046 584 3097 Ην
695 3046 938 3109 4mausnedineH
1042 3044 1059 3097 6
1075 3046 1150 3112 plebe
1161 3063 1249 3098 eorum
1262 3047 1372 3098 C‘Hr
1483 3057 1495 3107 7

297 3126 424 3192 accipiens
434 3143 451 3177 r
561 3143 588 3178 11
607 3126 791 3189 existimabant,
805 3134 948 3178 exercerent
958 3127 971 3176 I
982 3125 987 3192 Ι
1002 3127 1079 3193 ipsius
1090 3128 1124 3178 H
1126 3143 1143 3177 r
1265 3143 1294 3192 ¹3
1310 3128 1461 3179 intellectum
1471 3125 1499 3175 H

300 3225 329 3270 14
341 3225 380 3274 sq.
391 3207 668 3260 serdente...inuicem
678 3226 718 3258 orn
729 3226 746 3259 r
854 3207 883 3260 16
900 3217 1052 3274 propterorn
1063 3212 1099 3262 H
1204 3223 1234 3274 17
1245 3218 1321 3261 antes
1334 3211 1356 3262 C
1365 3228 1382 3260 r
1473 3207 1497 3258 18

297 3291 367 3340 odire
378 3291 412 3340 H
506 3307 538 3341 eo
554 3291 653 3341 bonitas
664 3290 720 3356 (sor
729 3288 841 3356 benign.)
854 3307 870 3340 r
881 3289 886 3353 Ι
902 3290 983 3340 illuxit
995 3292 1054 3357 (for
1061 3291 1159 3356 adpnr.)
1171 3308 1186 3340 r
1295 3307 1325 3343 nl
1343 3307 1393 3342 non
1404 3290 1498 3342 iscium

298 3371 356 3437 (sar
365 3388 411 3422 nos
422 3370 479 3436 fec.)
495 3374 516 3423 C
525 3373 561 3423 H
652 3389 683 3423 aa
701 3375 827 3423 lauarrum
839 3372 1033 3437 regenerationis
1044 3388 1061 3421 r

334 3544 355 3578 1.
388 3523 529 3591 neblimati]
551 3528 663 3590 R'dnsch‚
676 3529 754 3586 Itala,
766 3546 792 3595 p.
804 3527 858 3593 169.
931 3529 1004 3588 111);
1026 3528 1146 3587 Clamor..
1169 3525 1387 3584 “incredibilem”
1417 3526 1491 3583 Hier,

332 3625 356 3673 5.
383 3609 534 3673 principare
542 3609 612 3672 aliis]
639 3609 750 3669 Rbnseh,
762 3627 788 3676 p.
805 3608 860 3661 168.
928 3608 1156 3666 “inobedientem'’
1168 3610 1306 3666 Ambrsrr„
1318 3609 1496 3673 “inobsequen·

298 3690 354 3741 The
366 3690 447 3739 active
458 3706 545 3741 occurs
556 3691 582 3740 in
595 3692 713 3741 Irenaeus
725 3692 815 3756 (itia).
928 3698 966 3741 tes
974 3690 997 3752 ;’'
1005 3692 1091 3757 Vulg„
1103 3694 1121 3716 “
1129 3689 1278 3740 increduli.''
1292 3688 1498 3754 compescentia,-

330 3791 354 3842 9.
390 3775 523 3826 obiciebant
576 3775 715 3837 excrceant]
755 3774 876 3840 Citedby
928 3775 993 3825 O.L.
1005 3775 1055 3824 and
1066 3774 1153 3839 vulg..
1173 3772 1357 3824 “desideriis’‘
1386 3774 1498 3836 Degener

299 3856 440 3919 Ianimncr
463 3873 504 3908 see
516 3874 555 3906 vv.
570 3858 597 3907 ll.
928 3854 1087 3917 (dedyorresh
1104 3855 1172 3906 0.1..
1184 3855 1236 3904 and
1247 3856 1323 3920 Vuig.
1339 3860 1355 3882 “
1365 3851 1486 3919 agent&

335 3955 372 3991 11.
405 3942 499 3991 riade.
516 3936 799 4003 Antoninianae]
826 3939 880 3989 “If
961 3940 1000 3987 18.
1032 3937 1138 3995 odibiles,
1168 3937 1246 3999 odr'n]
1284 3937 1393 3996 Rbnsch‚
1425 3933 1493 3990 Itala.

299 4026 359 4089 oniy
370 4025 429 4088 they
441 4024 479 4074 ior
490 4024 554 4073 their
565 4020 647 4087 part.’'
658 4022 703 4071 hc.
722 4022 760 4071 Or
771 4022 876 4086 reading
926 4032 970 4082 pp.
987 4032 1013 4066 11
1017 4033 1040 4082 3,
1053 4020 1108 4067 281.

301 4107 385 4169 ipsius,
406 4105 454 4155 “if
466 4105 524 4170 they
535 4113 606 4154 enter
620 4103 663 4154 the
676 4104 730 4153 lists
741 4103 803 4153 with
818 4119 875 4152 men
961 4116 1001 4149 υ.
1024 4099 1139 4147 saluauit
1149 4097 1203 4160 nos]
1216 4096 1292 4147 latin
1299 4098 1416 4156 versinus,
1431 4093 1496 4142 “sal-

300 4188 329 4237 os
337 4187 386 4236 this
396 4202 456 4251 very
467 4184 559 4236 class.'’
927 4199 973 4233 uos
984 4198 1031 4232 nos
1042 4179 1126 4232 iecit.”
1138 4181 1294 4231 Perlauacrr'
1300 4179 1493 4244 regenerationem

336 4284 373 4330 13.
406 4269 461 4317 sine
490 4266 623 4328 intellectu]
649 4263 755 4325 ὦνόητοι.
800 4264 876 4316 Latin
928 4266 948 4316 is
971 4281 986 4314 a
1008 4266 1117 4329 perhaps
1138 4263 1232 4328 unique
1260 4262 1393 4326 rendering
1413 4261 1442 4310 oi
1461 4259 1495 4306 ra

299 4347 419 4406 versions,
439 4345 557 4406 “stulti’'
583 4342 769 4403 “inconsulti’'
793 4350 809 4372 “
817 4344 876 4394 insi·
926 4340 1028 4405 λουτροῦ
1050 4345 1251 4404 παλιγγενεσίας.
1287 4342 1336 4392 But
1356 4341 1398 4391 the
1418 4337 1496 4388 transi·

300 4425 424 4491 pientes.”
465 4428 506 4476 Cf.
533 4439 563 4475 11.
587 4443 613 4491 p.
642 4422 784 4482 180,1.6‚
808 4434 875 4475 note.
926 4428 979 4477 tion
991 4427 1055 4477 from
1070 4430 1136 4492 “per
1150 4428 1278 4477 lauacrum
1292 4421 1495 4491 regenerationis’'

298 4506 466 4555 Insuade'biles
481 4505 603 4568 (ἀπειθεῖς,
627 4505 738 4565 Rbusch,
752 4507 829 4568 Itala
849 4523 874 4573 p.
926 4517 953 4560 to
979 4517 1028 4574 per
1054 4510 1155 4559 lauacri
1179 4509 1387 4573 regenerationem
1413 4506 1434 4557 is
1456 4511 1495 4554 not
