3142 5100
242 393 286 459 74
577 393 806 444 ruaononus
830 393 1122 447 uorsursrsuus
1369 381 1409 466 [Ι.
1429 395 1454 464 ς.

240 576 379 651 scendit,
395 594 462 638 non
478 582 591 638 tamen
606 595 666 657 per
680 573 773 638 illam
790 574 898 658 ipsam
921 575 1169 658 generationem
1192 598 1213 642 a
1235 576 1350 642 Dauid
1375 579 1456 642 utri-

241 701 308 762 que
330 689 511 757 uenerunt;
533 680 591 743 sed
616 678 814 743 Matthaeus
836 681 879 744 ad
903 681 1005 744 aliam
1027 681 1259 764 genealogiam
1279 705 1324 746 ex
1342 682 1455 747 Dauid

242 784 455 847 descendisse
481 785 620 859 uidetur,
647 783 757 847 Lucas
788 806 869 848 uero
899 785 942 849 ad
973 786 1075 850 aliam
1101 799 1237 851 coactus
1266 796 1318 865 est
1342 790 1455 851 uenire

244 891 476 958 narrationem.
508 889 551 953 ab
581 887 645 951 illis
682 891 934 972 quaestionibus
971 911 1058 973 quae
1096 900 1175 955 tunc
1211 890 1266 954 uel
1304 892 1456 954 maxime

212 994 370 1063 §moueri
395 994 603 1058 uidebantur.
647 994 737 1075 quod
769 995 871 1057 etiam
902 994 1095 1056 cautissime
1124 995 1199 1077 quis
1226 995 1308 1057 scire
1333 995 1456 1076 poterit

244 1097 551 1179 interpretationem
570 1108 718 1162 nostram
735 1099 922 1170 decurrens,
939 1119 1041 1181 quam
1057 1100 1100 1163 de
1116 1098 1299 1181 euangeliis
1315 1119 1454 1180 expres-

244 1200 325 1263 sisse
348 1201 411 1263 uisi
434 1221 556 1265 sumus,
612 1210 647 1265 et
669 1200 784 1264 dicens
808 1201 864 1264 illa
887 1221 973 1284 quae
996 1195 1242 1266 conueniebant
1264 1203 1455 1285 praecipere

244 1303 300 1378 εἰς,
321 1313 356 1367 et
379 1324 400 1367 a
423 1304 544 1386 quibus
567 1325 602 1367 se
625 1303 779 1367 cohibere
803 1303 972 1380 deberent,
993 1305 1076 1369 dicit
1101 1306 1340 1386 compendiose
1369 1327 1455 1389 quae

245 1407 424 1470 emendare
439 1427 515 1470 eum
534 1404 594 1490 [in]
613 1405 766 1471 fidelibus
783 1407 968 1484 uidebatur,
986 1407 1033 1472 ita
1047 1418 1085 1472 ut
1107 1408 1316 1490 diligentiam
1340 1428 1454 1474 eorum

88 1515 90 1518 ’
193 1521 232 1568 10
245 1508 435 1574 adhiberet:

299 1662 387 1746 finis
402 1663 535 1762 (inquit)
546 1667 708 1749 praecepti
720 1676 768 1731 est
780 1667 911 1742 caritas,
926 1688 966 1729 ex
979 1665 1100 1729 nmndo
1114 1665 1206 1731 corde
1219 1675 1250 1730 et
1262 1667 1453 1734 conscientia

246 1768 326 1831 bona
337 1768 444 1851 etfide
458 1788 519 1829 non
526 1767 621 1851 ficta.
1350 1791 1353 1796 “

311 1895 518 1976 ‘praecipere
541 1905 653 1958 autem
676 1903 711 1958 te
732 1892 786 1957 uel
810 1892 960 1957 maxime
986 1895 1085 1977 cupio
1111 1894 1183 1970 illis,
1207 1896 1298 1977 quod
1322 1905 1356 1959 et
1379 1894 1454 1959 finis

246 2006 298 2060 est
324 2008 456 2061 nostrae
482 1999 661 2074 doctrinae,
689 2008 726 2061 ut
753 1997 928 2060 discedant
951 1998 995 2061 ab
1020 1998 1111 2060 omni
1139 2000 1334 2080 quaestione
1356 2018 1453 2075 uana,

195 2112 229 2177 15
247 2120 313 2164 non
330 2103 505 2167 intendant
520 2123 598 2166 uero
619 2103 683 2166 illis
704 2103 761 2185 qui
777 2100 930 2165 fabulosa
950 2102 1117 2184 quaedam
1141 2123 1273 2166 narrare
1294 2104 1454 2186 cupiunt;

246 2204 373 2269 saluam
395 2227 474 2270 uero
495 2218 595 2291 atque
616 2209 779 2291 integram
802 2208 975 2271 caritatem
998 2227 1077 2288 erga
1099 2228 1311 2272 communem
1336 2209 1455 2272 Domi-

247 2328 326 2371 num
343 2311 541 2386 custodiant,
558 2312 684 2375 mundo
699 2311 799 2374 corde
815 2319 849 2375 et
864 2310 1012 2393 perfecta
1030 2310 1253 2376 conscientia:
1294 2321 1329 2376 et
1343 2321 1454 2376 osten-

298 2522 372 2574 rper
382 2508 426 2559 illa
436 2509 490 2574 ipsa
500 2506 660 2574 generatione
675 2511 733 2561 CH
759 2527 806 2577 pro
818 2512 861 2563 &c
877 2509 909 2577 τΙ
924 2513 1002 2563 ιάΙ).
1015 2513 1130 2580 utiquer
1219 2512 1454 2580 pemeudareeum

246 2591 289 2640 fid.
302 2591 403 2640 uidebat
417 2592 482 2640 CH
510 2608 558 2641 em.
572 2608 629 2642 cum
641 2593 685 2642 fid.
697 2594 748 2643 uid.
762 2609 793 2660 νε
810 2601 850 2643 txt
860 2594 923 2659 conj.
934 2596 1024 2661 Jacobs

282 2799 302 2833 t.
348 2783 828 2848 perillamt'psamgeneratiomm18ee
874 2787 995 2839 deberem

247 2865 327 2915 rull.
363 2865 419 2914 The
431 2866 480 2916 Gk.
496 2882 576 2915 seems
589 2875 614 2916 to
629 2868 692 2917 have
703 2869 782 2917 been:
801 2865 827 2916 oi
908 2886 932 2937 9.
966 2887 1029 2935 quae
1042 2871 1179 2928 emandare,
1191 2868 1248 2931 &cl
1270 2869 1347 2920 Some
1359 2884 1454 2919 eorrec-

246 2947 330 3009 μέντοι
346 2950 385 2998 διὰ
401 2952 444 2998 τοῦ
467 2948 539 2999 αὑτοῦ
558 2951 613 3012 [the
628 2953 761 3001 translator
780 2951 826 3000 has
875 2948 1065 3013 tionisclearly
1076 2964 1213 3013 necessary.
1244 2949 1333 2998 [have
1344 2948 1455 3014 adopted

248 3034 354 3083 misread
368 3050 396 3083 or
410 3034 596 3085 mistranslnted
616 3034 659 3085 the
676 3051 781 3101 passage
799 3050 827 3083 as
875 3031 930 3080 that
957 3030 1082 3095 proposed
1111 3031 1145 3094 by
1167 3031 1207 3079 Dr
1227 3030 1323 3094 Jacobi,
1348 3030 1455 3080 without

247 3114 270 3163 it
283 3117 303 3163 it
314 3115 363 3164 had
375 3117 448 3165 stood
460 3114 533 3165 αὑτοῦ
549 3117 604 3178 rou]
623 3116 705 3179 γένους
721 3116 770 3166 ἀπὸ
783 3112 828 3166 τοῦ
875 3111 951 3176 being
971 3112 1040 3176 quite
1057 3110 1167 3159 satisfied
1187 3111 1221 3176 by
1240 3110 1268 3161 it.
1305 3110 1416 3174 Perhaps
1431 3111 1458 3159 ei

247 3194 332 3254 Δαβίδ,
348 3195 421 3240 κτλ.
876 3191 936 3255 inf.
948 3190 1040 3241 should
1050 3192 1083 3241 be
1095 3193 1155 3241 read
1166 3191 1204 3240 t'or
1215 3192 1302 3255 cums.

282 3291 304 3339 3.
338 3275 373 3323 ad
386 3276 463 3324 altem
480 3282 576 3324 coactus
591 3282 632 3335 est,
647 3274 704 3335 &cl
732 3274 823 3337 Comp.
911 3291 949 3325 rr.
988 3292 1019 3325 ex
1035 3277 1129 3325 mundo
1148 3275 1229 3336 corde]
1263 3274 1345 3333 0.L.
1363 3274 1451 3339 Vulg,

248 3357 351 3406 Cramer
363 3357 388 3404 ii.
406 3373 451 3420 32:
469 3357 637 3418 προσηκόντως
656 3358 681 3404 δὲ
697 3356 767 3414 ὁμὲν
783 3350 829 3403 rori
878 3356 937 3405 “de
949 3357 1023 3405 corde
1035 3353 1123 3421 puro.’'

248 3440 312 3486 κατὰ
331 3440 412 3499 φύσιν,
433 3435 486 3487 dil
504 3436 548 3487 ταιῖ
566 3439 630 3487 κατὰ
649 3435 722 3496 νόμον
737 3439 827 3499 πατρὸς
910 3449 948 3499 13.
974 3434 1042 3499 finis
1059 3442 1095 3485 est
1117 3441 1215 3485 nostrae
1235 3433 1322 3496 doctu]
1349 3434 1389 3499 By
1410 3431 1456 3494 τῆς

247 3516 377 3578 μέμνηται,
397 3520 435 3567 ἵνα
454 3520 561 3578 δείξωσιν
578 3518 617 3567 ὅτι
631 3521 659 3579 ἐξ
680 3516 826 3580 ἀμφοτέρων
874 3521 1045 3582 παραγγελίαν
1063 3518 1111 3569 Th.
1133 3518 1226 3583 rightly
1239 3516 1405 3567 understands
1423 3518 1453 3568 S.

247 3599 296 3649 τῶν
307 3600 484 3661 τατέρων,..ιὶς
496 3604 538 3651 τὸν
556 3604 635 3664 Aufili
652 3599 781 3662 ἀνατρέχει
798 3599 826 3649 ui
876 3604 938 3652 Paul
953 3612 979 3652 to
995 3617 1071 3651 mean
1086 3602 1130 3650 the
1146 3600 1264 3663 teuching
1274 3599 1304 3648 oi
1316 3598 1358 3648 the
1369 3599 1457 3663 Apos-

247 3685 325 3743 γένος·
350 3682 405 3731 ὅθεν
424 3684 471 3732 τῶν
489 3686 530 3732 δύο
549 3687 660 3747 πατέρων
677 3685 709 3733 εἰς
728 3681 771 3732 τόν
795 3684 824 3732 Δ.
874 3685 921 3734 tles
938 3684 966 3733 in
983 3682 1094 3748 general,
1116 3680 1212 3744 though
1229 3687 1275 3729 not
1297 3678 1402 3728 without
1419 3694 1456 3728 an

246 3764 435 3826 ἅνατρεχόντων,
448 3767 489 3814 καὶ
504 3764 629 3814 Ἰουδαίων
648 3766 688 3813 καὶ
701 3762 826 3822 Ἐλλήνων
874 3766 980 3816 allusion
1001 3774 1028 3815 to
1045 3764 1088 3813 the
1107 3778 1151 3812 use
1173 3761 1203 3811 ot‘
1220 3758 1403 3823 παραγγέλλειν
1427 3760 1456 3810 in

248 3846 321 3895 πᾶσιν
333 3846 474 3908 περιῄρηται
486 3847 540 3908 [Cr.
556 3843 718 3906 τεριεὶρηται]
735 3841 825 3905 ἀμφια·
874 3864 898 3896 v.
912 3864 935 3912 3.
972 3850 978 3873 ‘
990 3848 1002 3896 1
1014 3847 1077 3897 wish
1088 3846 1147 3896 thee
1163 3853 1190 3894 to
1201 3844 1287 3909 enjoln
1303 3843 1356 3892 that
1370 3842 1456 3893 which

247 3925 349 3990 βήτησιι
362 3929 402 3975 καὶ
413 3926 478 3974 ὅταν
489 3924 635 3974 σκάνδαλον.
873 3927 895 3978 is
907 3928 949 3977 the
960 3928 1009 3977 end
1018 3927 1069 3975 and
1080 3926 1130 3975 aim
1142 3925 1172 3974 of
1184 3924 1218 3973 all
1231 3922 1357 3973 Christian
1369 3923 1456 3972 tench-

281 4008 305 4058 6.
338 4025 415 4074 quam
431 4008 459 4056 de
474 4023 563 4071 euang.
579 4015 647 4071 αρν.
661 4008 712 4056 uz'si
726 4007 757 4069 s.]
783 4009 825 4059 On
874 4007 925 4072 ing,
945 4007 1010 4068 love,
1031 4005 1132 4070 flowing
1149 4005 1212 4053 from
1234 4003 1319 4068 purity
1340 4002 1370 4052 ol
1382 4002 1458 4053 beart

239 4078 291 4140 'the
302 4091 417 4155 question
428 4090 540 4139 whether
551 4089 600 4140 Th.
610 4098 688 4139 wrote
696 4106 729 4139 on
737 4090 772 4138 all
782 4089 826 4139 the
873 4093 924 4140 and
933 4107 948 4139 a
956 4090 1022 4154 good
1034 4088 1197 4139 conscience!
1224 4087 1268 4142 So,
1275 4087 1301 4134 in
1311 4086 1455 4145 substance,

248 4170 304 4221 four
312 4172 425 4236 Gospels‚
440 4185 481 4219 see
499 4170 520 4218 F
522 4171 626 4220 ritzsche
642 4170 671 4219 de
693 4171 741 4219 Th.
759 4187 784 4220 u.
803 4178 827 4220 et
873 4173 917 4222 the
936 4172 1007 4222 other
1025 4170 1076 4220 Gk.
1092 4174 1303 4226 commentatum
1327 4166 1455 4230 Pelagius,

247 4267 303 4309 scr.¹
315 4267 356 4316 pp.
369 4251 457 4314 63-4‚
473 4253 513 4314 84.
873 4268 908 4301 ou
923 4251 966 4301 the
983 4250 1055 4299 other
1065 4248 1144 4305 hand,
1156 4247 1243 4297 thinks
1260 4246 1351 4310 chiefly
1367 4246 1398 4295 of
1412 4248 1459 4299 the

282 4344 304 4393 7.
338 4331 572 4394 dz‘cens...deberent]
607 4331 682 4381 cited
703 4333 738 4395 by
757 4331 824 4380 Lan·
873 4333 973 4381 Mosaic
984 4331 1040 4392 law,
1057 4329 1140 4379 which
1152 4329 1194 4378 the
1204 4328 1333 4393 Judaizers
1344 4327 1459 4379 ebused:

248 4414 324 4467 franc,
344 4412 402 4459 who
423 4412 540 4462 however
565 4413 710 4463 substitutes
734 4413 823 4463 “diui-
875 4408 1213 4475 “finisproccepti...caritas
1230 4408 1279 4458 Dei
1294 4414 1319 4457 et
1334 4408 1456 4473 proximi,

247 4492 309 4537 dens
317 4487 331 4509 ”
349 4489 387 4538 sor
404 4492 493 4550 diceus,
507 4494 558 4542 and
579 4494 597 4518 “
606 4493 743 4542 debuerant
752 4491 765 4513 '¹
786 4494 825 4543 sor
873 4492 898 4541 in
911 4507 960 4554 qua
970 4497 1024 4540 tota
1035 4489 1076 4540 lex
1087 4489 1179 4554 pendet
1191 4496 1216 4539 et
1227 4487 1374 4553 prophetae.
1379 4486 1394 4509 '‘
