3142 5100
104 441 295 528 V1.20,21.]
441 455 483 508 nt
507 456 561 508 nn
582 454 634 507 no
657 449 889 509 nuo‘rnnun
913 453 937 507 1.
1234 435 1294 521 187

156 630 335 715 percipient
358 637 472 696 autem
497 630 532 694 in
558 628 670 694 futuro
695 627 832 693 saeculo
859 626 1030 692 mercedes
1061 645 1203 709 magnas
1232 645 1295 709 pro

101 733 208 816 quibus
221 735 254 797 in
270 733 335 798 hoc
350 733 483 797 saeculo
504 733 568 797 ista
585 732 720 797 iaciunt
765 750 845 795 nam
862 739 896 794 et
918 730 1089 794 mercedes
1104 730 1294 812 percipient

102 835 176 900 tales
196 857 283 920 quae
307 835 435 900 nullam
460 855 621 919 umquam
648 841 807 918 poterunt
832 831 1093 897 mutabilitatem
1123 833 1295 900 sustinere.

103 958 170 1003 nam
190 941 280 1024 quod
303 941 392 1005 dixit
405 940 672 1023 fundamento,
689 938 882 1003 firmitatem
902 957 1018 1001 eorum
1037 937 1146 1001 uoluit
1167 936 1295 1020 signifi-

103 1063 175 1109 care.
215 1043 452 1127 compendiose
470 1063 550 1107 uero
573 1040 637 1106 hoc
661 1040 768 1105 uoluit
792 1041 922 1105 dicere:
967 1040 1140 1123 ‘praecipe
1164 1038 1230 1104 illis
1257 1050 1295 1106 ut
1332 1061 1347 1128 ς

103 1166 301 1231 nonmagna
326 1148 458 1231 sapiant
482 1156 619 1231 propter
654 1144 712 1210 illa
741 1166 829 1229 quae
859 1144 1051 1229 possident3
1087 1152 1295 1226 cognoscant

102 1271 172 1314 uero
192 1251 375 1316 Dominum
396 1252 516 1316 horum
536 1252 599 1315 sibi
619 1272 693 1316 esse
713 1250 914 1333 largitorem,
932 1257 966 1313 et
985 1248 1063 1313 huic
1084 1268 1217 1331 semper
1234 1270 1296 1332 pro

103 1355 242 1420 omnibus
269 1357 332 1421 sibi
355 1356 488 1421 tributis
511 1357 636 1440 gratias
659 1354 784 1419 debent
811 1354 942 1433 referre,
958 1353 993 1417 in
1010 1353 1108 1416 bonis
1138 1353 1294 1435 operibus

104 1456 346 1523 sollicitudinem
361 1458 601 1542 expendentes,
617 1458 708 1542 quod
724 1476 831 1540 parua
852 1456 973 1520 dantes
989 1456 1023 1520 in
1038 1456 1209 1538 praesenti
1225 1455 1297 1521 uita

106 1580 214 1644 magna
242 1564 277 1626 in
307 1562 419 1627 futuro
448 1562 581 1627 saeculo
617 1559 799 1645 recipiant¹
843 1570 878 1625 et
907 1561 1023 1625 dicens
1053 1559 1096 1623 de
1133 1559 1296 1624 diuitibus
1312 1579 1353 1629 10

106 1665 210 1731 iterum
234 1668 277 1731 ad
304 1666 475 1731 Timothei
500 1687 537 1731 se
562 1666 665 1731 uertit
691 1685 880 1749 personam,
906 1663 971 1729 illis
1000 1671 1087 1747 quae
1124 1663 1297 1745 praedicta

107 1767 223 1835 lucrant
236 1780 466 1855 competenter
480 1770 647 1835 adiciens:

161 1959 178 2001 ο
195 1938 359 2015 Τίτννοίῆεν,
374 1936 629 2003 commendatum
648 1935 779 2016 mstoa'i,
795 1934 946 2001 deuitans
959 1937 1125 2020 profanas
1139 1935 1298 2001 tenuitates

107 2062 205 2107 nonam
218 2055 249 2108 et
260 2043 562 2128 oppositionessahi
573 2042 717 2107 nornim's
729 2041 888 2121 scientae,
899 2062 999 2126 quam
1014 2040 1149 2126 quidam
1156 2041 1297 2124 promit-

108 2153 193 2210 tento
204 2168 225 2209 a
230 2147 302 2231 fida
314 2146 507 2211 excidemnt.
1313 2165 1349 2235 15

162 2275 201 2339 de
219 2275 282 2339 illis
302 2275 392 2340 enim
415 2273 478 2339 hoc
499 2273 532 2338 in
553 2272 628 2338 loco
653 2272 742 2339 dicit.
788 2275 847 2337 ‘tu
873 2271 1008 2358 (inquit)
1029 2271 1161 2336 custodi
1183 2270 1298 2351 fidem,

107 2379 187 2442 omni
209 2382 330 2445 uirtute
352 2379 523 2444 declinans
541 2399 599 2444 eos
620 2379 678 2463 qui
701 2378 867 2442 contraria
888 2378 1013 2442 docent
1035 2387 1069 2442 et
1089 2396 1222 2459 semper
1237 2397 1297 2440 ex·

107 2483 240 2565 cogitant
262 2483 387 2568 aliquid
414 2483 532 2546 nouius
557 2482 667 2546 dicere
687 2489 721 2546 et
744 2481 1002 2561 inconueniens3
1029 2480 1086 2564 qui
1113 2490 1147 2545 et
1166 2492 1297 2549 contro-

106 2588 215 2651 uersias
229 2598 344 2652 contra
362 2586 539 2650 ueritatem
557 2583 754 2668 excogitant
768 2584 832 2647 sub
852 2584 989 2648 nomine
1011 2583 1170 2649 scientiae
1192 2607 1294 2670 quam

108 2691 224 2755 mentiti
247 2689 450 2767 insimulant,
477 2689 744 2773 promittuntque
767 2709 804 2752 se
831 2688 1005 2753 scientiam
1035 2688 1169 2764 habere,
1196 2689 1354 2774 longeao

107 2804 207 2859 autem
234 2795 376 2861 multum
407 2795 534 2859 distant
563 2814 585 2859 a
614 2792 696 2859 fide!
740 2793 827 2858 bene
856 2802 970 2859 autem
997 2802 1031 2859 et
1062 2793 1298 2859 ‘commenda-

148 2962 161 2997 s
176 2950 311 3001 mercedem
322 2965 348 3015 p.
361 2949 438 3000 talem
449 2964 467 2999 τ
579 2965 593 3014 3
610 2964 747 3014 numquam
757 2948 836 2999 ullam
851 2948 898 2999 Cr
1015 2968 1031 3012 4
1048 2948 1231 2999 firmamentum
1242 2947 1302 3013 (jor

107 3024 245 3093 firmitatem)
265 3044 282 3078 ν
408 3027 702 3093 7bunclsorhuic)C'
714 3030 745 3079 H
872 3020 976 3094 odales
986 3028 1034 3078 H*
1168 3044 1198 3079 1ο
1213 3028 1299 3079 dicens

107 3114 180 3155 autem
191 3123 207 3156 ν
293 3121 323 3171 13
340 3123 356 3158 o
368 3108 399 3158 T.
413 3108 555 3173 depositum
567 3109 611 3160 &c
625 3109 664 3171 [as
676 3109 705 3157 in
722 3108 806 3173 Vulg.]
816 3124 834 3158 r
927 3125 955 3170 14
972 3108 1075 3175 quidem
1088 3109 1111 3158 C
1119 3108 1154 3159 H
1159 3124 1175 3157 r
1269 3110 1299 3158 18

107 3186 186 3235 nouir
277 3201 307 3256 19
323 3187 428 3238 scientia
438 3188 533 3253 quali
623 3204 655 3239 no
671 3188 921 3256 promittuntquiH
1013 3204 1042 3240 οι
1061 3189 1246 3254 multumquer

136 3347 158 3389 4.
183 3327 424 3392 firmitatememm
435 3327 524 3386 uoluit,
538 3324 595 3388 δια]
631 3325 672 3375 Cf.
720 3326 799 3376 det.
812 3324 1058 3391 (followedbyOec.
1072 3326 1300 3394 (allbreaksawuy

109 3407 192 3459 lbdt.:
218 3409 262 3458 niv
290 3411 316 3460 δὲ
342 3406 482 3470 μελλόντων
509 3404 606 3469 ἀγαθῶν
627 3405 673 3467 τὴν
719 3404 783 3454 nom
795 3404 866 3456 Tn’s
877 3407 1067 3471 interpretation
1078 3408 1234 3472 altogether:
1251 3426 1298 3459 τα-

107 3482 231 3536 trenam
257 3490 366 3547 θεμέλιον
395 3489 518 3547 κέκληκεν·
548 3485 672 3547 ἀκίνητα
698 3483 827 3548 ’ραθήκην
853 3489 919 3548 οἶμαι
945 3487 998 3548 τήν
1025 3486 1111 3551 χάριν
1137 3490 1220 3552 λέγειν
1247 3488 1301 3540 τοῦ

108 3567 156 3630 γὰρ
171 3569 266 3619 ἐκεῖνα
282 3571 329 3635 καὶ
345 3566 492 3633 ἄτρεπτα.
720 3568 899 3630 πνεύματος,
910 3568 940 3631 ἧν
952 3569 1043 3631 dederis
1054 3572 1203 3635 χειροτονίας
1218 3572 1298 3632 ἐδέξα-

139 3660 174 3708 ra
194 3647 395 3710 commandatum]
412 3648 448 3699 So
455 3647 581 3698 Ambrstr.
599 3647 632 3697 0.
640 3646 672 3697 L.
720 3669 757 3701 το.
792 3651 831 3701 Cf.
843 3652 916 3716 infra
927 3668 960 3702 on
973 3668 987 3702 ο
999 3652 1066 3702 Tim.
1078 3652 1095 3702 i.
1111 3668 1149 3715 14.

109 3730 226 3793 generally
234 3731 282 3779 and
294 3731 380 3795 Vulg„
392 3734 409 3759 ⁴¹
417 3729 584 3795 depositum.”
615 3730 672 3794 Just
756 3734 795 3783 18.
824 3734 924 3798 aliquial
937 3735 1027 3784 nonius
1042 3734 1129 3796 debere]
1162 3730 1299 3796 καινότερθν

109 3807 182 3857 below
197 3810 277 3870 (1.11)
293 3827 331 3860 we
346 3811 412 3860 bave
428 3810 674 3868 commendatiorem
720 3831 745 3863 τι
763 3814 855 3875 λέγειν.
891 3815 953 3865 This
965 3816 1048 3867 leaves
1064 3815 1131 3865 little
1148 3815 1227 3865 doubt
1243 3815 1300 3865 that

109 3886 367 3951 cs.2Tim.i.12,14.
400 3893 424 3939 A
434 3891 490 3956 fide
506 3890 527 3940 is
543 3906 559 3939 a
574 3891 623 3954 slip
640 3905 673 3938 on
721 3895 771 3945 Th.
791 3896 852 3945 read
871 3899 1076 3958 καινοφωνίας-α
1095 3896 1199 3960 reading
1217 3897 1301 3945 which

110 3967 148 4018 the
157 3978 210 4034 Pari
220 3971 246 4019 0f
253 3987 298 4021 011r
307 3971 448 4031 translalffl,
458 3972 516 4020 Wh0
527 3987 578 4020 was
590 3970 674 4021 think·
722 3977 784 4027 Oec.
798 3978 849 4027 and
861 3978 957 4043 Thpht.
972 3979 1049 4029 found
1060 3980 1087 4029 in
1100 3979 1190 4043 Chrys.
1203 3977 1299 4043 (Tiscb.

111 4046 297 4116 ingperhapsol
309 4069 334 4102 v.
349 4066 394 4109 103
411 4052 454 4102 the
472 4052 547 4101 latin
563 4052 675 4101 versions
721 4057 759 4106 ad
777 4057 804 4106 h.
827 4058 865 4119 1.).
898 4058 936 4108 hs
958 4074 1016 4108 now
1038 4059 1123 4109 edited
1146 4059 1234 4124 Chrys.
1253 4059 1301 4110 bas

112 4134 223 4197 correctly
239 4137 325 4185 render
346 4135 439 4185 “circa
455 4132 553 4183 fidem''
573 4133 675 4198 (arga
723 4145 831 4199 κενοφ.,
843 4140 889 4188 but
905 4138 944 4188 his
959 4155 1050 4189 comm.
1063 4137 1117 4203 (ἅμα
1131 4141 1199 4189 ἐστὶν
1217 4141 1257 4189 καὶ
1274 4138 1302 4190 οὗ

105 4212 184 4274 Μαι,
197 4230 219 4264 c.
228 4215 244 4264 i.
258 4216 303 4281 19).
721 4218 827 4282 βέβηλος
839 4218 873 4278 κ.)
886 4218 970 4282 points
980 4218 1064 4268 rather
1072 4219 1115 4269 the
1126 4220 1199 4269 other
1209 4235 1277 4285 way.

144 4293 178 4344 16.
203 4295 388 4361 mstodifidem}
421 4295 461 4346 Cf.
474 4295 571 4360 Pelaga
591 4294 675 4346 “fidei
756 4314 797 4349 no.
824 4300 991 4364 longeaulem,
1006 4299 1063 4361 &ol
1093 4300 1166 4350 Oen:
1184 4298 1302 4365 ὅτανγὰρ

115 4373 242 4439 depositum
262 4376 383 4428 custodi.·’
425 4378 487 4427 oec.
508 4378 544 4439 (ι)
563 4378 675 4441 explains
723 4382 805 4431 τιστις
815 4379 849 4441 μὴ
860 4379 883 4442 i.
895 4378 982 4440 γνᾶσο
993 4378 1035 4428 οὐκ
1046 4382 1120 4429 ἔστιν·
1153 4381 1301 4447 Thucsup-

115 4454 154 4515 rip
169 4455 301 4520 παραθήκην
316 4458 422 4519 μετ-τὴν
440 4457 541 4519 ἐντολὴν
557 4458 602 4508 τοῦ
619 4460 676 4509 θεοῦ
723 4477 797 4526 poses
812 4477 828 4510 a
841 4460 919 4510 direct
936 4460 1060 4510 reference
1077 4468 1103 4511 to
1120 4461 1163 4510 the
1175 4462 1260 4525 μαντεῖε
1275 4463 1305 4512 of

116 4534 143 4593 siv
163 4533 190 4584 θε·
209 4534 261 4596 ἐμοῦ
279 4539 325 4603 [sc.
353 4537 466 4602 Παύλου]
487 4540 526 4588 σοὶ
548 4540 675 4601 παρέθετο.
727 4539 1119 4602 Simon;ct.lren.ii.14§7:
1140 4541 1301 4592 “secundum
