3142 5100
130 400 363 455 FRAGMENTS
385 401 433 452 OF
455 400 534 452 THE
555 395 751 450 DOGMATIC
774 394 908 447 WORKS
931 394 978 446 OF
1001 394 1216 445 THEODORE.
1253 398 1315 462 313

101 578 152 652 τῆς
171 575 324 652 παρθένου,
344 578 369 635 ιλ
380 574 422 653 μή
436 573 490 653 ἄρα
504 572 609 636 ταίτδν
620 573 688 655 rm
738 576 837 635 Deum
855 574 894 634 de
911 572 1025 653 uirgine
1043 585 1147 635 natum
1166 594 1240 650 esse,
1260 573 1317 636 nisi

102 670 166 732 τέαν
185 670 259 748 ἡμῖν
277 670 312 732 τό
331 697 363 732 τε
382 672 516 753 γεννηθὲν
536 670 581 729 καὶ
603 670 636 731 τὰ
659 676 688 731 έν
736 674 812 734 forte
826 673 906 734 idern
925 673 1155 734 existimandum
1170 673 1258 734 nobis
1272 685 1318 735 est

102 769 142 846 τῷ
161 769 333 851 γεννηθέντι,
355 768 405 829 τθν
429 767 496 829 ναὸν
517 770 565 829 καὶ
586 767 636 830 τόν
659 772 689 830 έν
738 782 768 832 et
789 772 871 848 quod
892 784 995 831 natum
1015 783 1060 832 est
1079 782 1109 832 et
1127 773 1209 849 quod
1228 771 1318 833 estin

103 872 142 946 τῷ
168 873 228 946 ναῷ
255 866 321 927 θεὰν
347 869 449 950 λόγον·
481 869 514 927 οὔ
540 866 599 944 μὴν
622 865 689 927 ου’δὲ
737 879 818 938 nato,
834 870 979 944 templum
994 868 1087 945 etqui
1101 867 1132 927 in
1147 870 1260 946 templo
1275 880 1320 930 est

105 964 177 1025 κατὰ
211 964 268 1040 τὴν
300 964 358 1042 στὶν
385 964 483 1042 φυνῆν
509 962 691 1041 θποφαντέον
739 964 824 1023 Deus
841 965 983 1024 Verbum.
1004 984 1066 1024 non
1088 975 1189 1024 tamen
1206 984 1263 1025 nec
1277 985 1320 1027 se
1355 979 1372 1039 5

105 1061 198 1138 πάντη
226 1060 279 1121 τὸν
305 1067 337 1122 ἐκ
360 1066 411 1139 τῆς
433 1062 575 1139 παρθένου
595 1087 690 1143 γενννρ
738 1061 873 1121 cundum
895 1073 979 1120 tuam
997 1080 1107 1122 uocem
1128 1063 1322 1139 pronuntiau-

106 1160 192 1220 θέντα
212 1158 283 1220 θεον
304 1160 375 1223 εἶναι
395 1164 426 1219 ἐκ
447 1162 515 1221 θεοῦ
536 1158 691 1237 ὁμοοθσιον
739 1158 813 1218 dum
830 1169 876 1219 est
889 1159 1015 1219 omnino
1029 1180 1068 1220 ex
1088 1159 1203 1238 uirgine
1218 1164 1320 1222 Deum

106 1262 144 1337 τῷ
177 1260 275 1337 πατρί
328 1262 353 1319 εἰ
379 1258 436 1340 γαρ
467 1260 517 1318 οὐκ
545 1256 692 1336 ἅνθρωπός
739 1270 844 1317 natum
877 1278 942 1319 esse
973 1270 1003 1318 et
1034 1279 1071 1319 ex
1100 1262 1168 1320 Deo
1195 1262 1323 1321 consuit

109 1360 196 1429 ἐστιν,
218 1354 256 1419 οἷς
277 1354 343 1435 φῄς,
363 1353 541 1432 ἀναληφθεὶς
560 1354 576 1414 ὁ
596 1380 692 1438 γενντγ
740 1353 907 1415 stantialem
924 1354 1010 1414 Patri.
1038 1375 1109 1414 nam
1120 1355 1145 1415 si
1156 1376 1218 1417 non
1228 1358 1321 1417 homo

108 1453 166 1516 θεὶς
179 1458 213 1514 ἐκ
227 1457 280 1530 τῆς
293 1454 443 1531 παρθένου,
459 1453 522 1517 θεὸς
539 1453 568 1513 δὲ
584 1479 692 1531 σαρκο
734 1438 796 1524 est,
807 1452 883 1511 sicut
893 1453 976 1526 dicis,
987 1454 1162 1532 adsumptus
1173 1455 1224 1532 qui
1235 1468 1322 1517 natus
1340 1483 1376 1521 10

110 1552 174 1626 θείς,
195 1554 257 1615 πῶς
277 1551 295 1611 0‘
315 1553 463 1633 γεννηθεὶς
487 1550 551 1615 θεὰς
574 1555 605 1611 ἐκ
628 1551 693 1611 θεοῦ
741 1561 788 1610 est
806 1566 842 1609 ex
860 1548 983 1626 uirgine,
999 1552 1082 1611 Deus
1102 1570 1174 1612 uero
1192 1550 1324 1612 incarna-

111 1649 155 1709 καὶ
174 1647 332 1727 ὁμοοθσιος
350 1650 465 1729 λέγοιτο
484 1646 519 1710 ἂν
540 1653 579 1730 τῷ
596 1650 692 1728 πατρί,
742 1659 799 1719 tus,
820 1647 975 1731 quomodo
994 1647 1046 1724 qui
1066 1660 1151 1709 natus
1173 1661 1217 1710 est
1240 1652 1323 1711 Deus

109 1751 159 1823 τῆς
196 1745 306 1825 σαρκὸς
339 1747 374 1807 οὐ
406 1747 555 1824 δυναμένης
591 1749 694 1822 ταύτην
742 1765 780 1805 ex
795 1747 863 1805 Deo
882 1756 912 1805 et
930 1746 1190 1809 consubstantialis
1209 1748 1325 1809 dicetur

110 1846 286 1922 προσίεσθαι
309 1844 361 1923 τήν
388 1846 505 1922 φανήῃ
535 1849 615 1909 ἔστιν
641 1849 694 1924 μὲν
744 1843 833 1916 Patri,
850 1862 940 1905 came
956 1864 1018 1904 non
1037 1857 1160 1923 potente
1179 1848 1257 1906 hanc
1273 1867 1326 1908 uu

111 1942 166 2024 γαὶρ
199 1940 325 2018 ἀνόητον
350 1941 383 2002 πθ
411 1942 461 2002 τὰν
488 1942 555 2005 θεόν
584 1947 615 2003 ε’νι
642 1947 693 2018 τῆς
743 1960 811 1999 cem
832 1940 1003 2017 suscipere?
1043 1962 1113 2001 nam
1135 1954 1180 2004 est
1201 1944 1324 2021 quidem
1341 1966 1376 2024 15

111 2039 253 2117 παρθένου
266 2041 458 2121 γεγεννῆσθαι
471 2041 573 2121 λέγειν.
609 2042 694 2100 τοῦτο
743 2038 897 2098 dementia
916 2040 1016 2099 Deum
1034 2059 1070 2099 ex
1088 2039 1201 2118 uirgine
1221 2053 1324 2102 natum

31 2192 35 2201 .
113 2141 167 2221 γὰρ
191 2137 276 2198 οὐδὲν
299 2136 393 2216 ἔτερόν
415 2141 495 2198 ἔστιν
516 2136 537 2212 ἢ
557 2141 588 2197 ἐκ
609 2137 695 2215 σπέρ
745 2156 810 2197 esse
830 2138 937 2198 dicere.
969 2139 1029 2198 hoc
1049 2138 1129 2199 enim
1150 2140 1224 2200 nihil
1244 2139 1325 2201 aliud

113 2259 199 2311 ματος
217 2233 308 2294 αίτὸν
328 2235 423 2315 λέγειν
442 2233 572 2311 Aufidii,
595 2237 625 2293 ἐκ
645 2237 694 2310 τῆς
745 2245 791 2296 est
815 2255 906 2313 quam
931 2256 967 2296 ex
992 2235 1104 2298 semine
1131 2257 1201 2298 eum
1226 2238 1326 2300 dicere

115 2332 211 2396 αἷσίας
234 2336 287 2408 τῆς
305 2333 446 2410 παρθένου
465 2330 629 2413 τεταγμένον
650 2331 696 2392 καὶ
747 2330 849 2392 Dauid
866 2332 905 2392 de
924 2332 1089 2393 substantia
1107 2332 1228 2413 uirginis
1246 2334 1326 2413 geni·

116 2433 145 2490 έν
162 2429 234 2510 αὐτῇ
253 2429 521 2507 διαπεπλασμένον·
542 2430 605 2490 ίπεί
614 2455 649 2511 γε
661 2428 695 2489 ro*
746 2440 810 2489 tum
835 2429 918 2490 etin
946 2429 1011 2508 ipsa
1037 2433 1224 2509 plasmatum,
1255 2433 1326 2511 quia
1342 2461 1379 2500 20

117 2525 170 2609 [ἐκ]
199 2526 367 2606 σπέρματος
392 2524 489 2605 Δαβὶδ
515 2525 562 2587 καὶ
589 2529 619 2585 ἐκ
646 2528 697 2604 τῆς
746 2527 831 2604 quod
851 2546 889 2588 ex
909 2526 1024 2589 semine
1042 2529 1143 2592 Dauid
1162 2542 1192 2592 et
1206 2531 1245 2592 de
1259 2532 1327 2593 sub-

117 2624 216 2690 οθσίας
243 2627 296 2703 τῆς
316 2625 458 2702 παρθένου
478 2623 590 2685 συστοὶν
610 2629 641 2684 έν
660 2628 697 2704 τῇ
747 2625 856 2686 stantia
891 2625 1012 2704 uirginis
1047 2639 1092 2687 est
1125 2628 1156 2688 in
1191 2641 1326 2691 materno

39 2779 42 2790 ,
116 2725 230 2802 μητρφρ
263 2723 368 2804 γαστρὶ
396 2723 444 2782 καὶ
470 2729 508 2802 τῇ
536 2725 586 2783 τοῦ
614 2721 698 2804 ἁγίου
747 2736 851 2785 uentre
874 2723 1007 2785 constitit
1031 2737 1062 2787 et
1085 2727 1180 2787 sancti
1202 2728 1327 2805 Spiritus

116 2820 274 2897 πναίματος
287 2819 465 2880 διαπλασθὲν
479 2819 593 2896 δυνάμει
604 2844 697 2902 γεγεν
747 2823 927 2900 plasmatum
959 2821 1077 2897 uirtute,
1105 2834 1209 2883 natum
1237 2824 1328 2887 fuisse

119 2920 224 2995 νῆσθαι
237 2919 335 2996 φαμὲν
348 2922 379 2979 ἐκ
391 2921 443 2996 τῆς
456 2919 605 2997 παρθένου.
748 2917 875 2978 dicimus
889 2918 928 2978 de
945 2917 1066 2995 uirgine.
1103 2931 1137 2981 ut
1156 2933 1256 2981 autem
1277 2922 1328 2982 ali·
1343 2946 1358 2986 2
1363 2944 1380 3004 5

118 3032 182 3108 quis
202 3052 241 3093 ex
262 3034 321 3094 hoc
342 3033 490 3094 concedat
513 3032 612 3094 dicere
634 3031 705 3110 ipsis
725 3032 809 3109 quod
832 3035 915 3093 Deus
936 3050 974 3092 ex
996 3035 1064 3094 Deo
1085 3044 1115 3095 et
1135 3034 1329 3095 consubstan-

118 3128 192 3190 tialis
214 3129 296 3191 Patn‘
317 3142 404 3190 natus
425 3141 471 3191 est
491 3150 528 3190 ex
547 3129 670 3208 uirgine,
693 3130 831 3207 eoquod
851 3140 897 3190 est
917 3119 948 3188 iri
969 3132 1082 3207 templo
1101 3140 1182 3205 nato,
1198 3132 1329 3193 sednon

119 3246 215 3304 perse
230 3238 379 3288 natusest
400 3230 484 3287 Deus
498 3229 640 3300 Verbum,
656 3226 827 3287 incarnatus
848 3245 928 3299 uero,
944 3225 1021 3288 sicut
1039 3227 1111 3287 dicit
1130 3227 1186 3289 iste
1200 3229 1328 3307 sapiens.

120 3325 142 3384 si
166 3325 257 3403 igitur
280 3347 349 3387 cum
373 3347 462 3388 came
487 3347 557 3388 eum
581 3339 686 3386 natum
710 3346 775 3387 esse
797 3324 910 3399 dicunt,
933 3326 1016 3402 quod
1037 3337 1136 3387 autem
1160 3339 1264 3387 natum
1285 3337 1331 3389 est

120 3421 201 3482 Deus
215 3435 246 3483 et
260 3441 298 3482 ex
312 3423 380 3484 Deo
394 3433 425 3484 et
445 3422 708 3483 consubstantialis
723 3421 804 3482 Patri
819 3433 872 3496 est,
888 3441 1011 3483 necesse
1025 3435 1070 3484 est
1084 3424 1143 3484 hoc
1162 3435 1192 3485 et
1210 3445 1329 3487 carnem
1344 3451 1383 3508 30

121 3517 227 3579 dicere.
263 3519 347 3595 quod
363 3518 464 3580 sinon
480 3520 540 3580 hoc
558 3539 628 3580 earo
646 3531 692 3580 est
713 3518 856 3596 quoniam
877 3539 934 3579 nec
956 3522 1039 3580 Deus
1053 3540 1109 3581 nec
1126 3539 1164 3580 ex
1185 3524 1253 3582 Deo
1273 3542 1331 3583 nec

18 3676 21 3679 ,
121 3616 381 3676 consubstantialis
400 3617 490 3690 Patri,
505 3617 558 3677 sed
579 3637 617 3678 ex
632 3615 747 3677 semine
767 3615 870 3677 Dauid
884 3627 915 3676 et
929 3617 1191 3678 consubstantialis
1206 3618 1234 3680 ei
1247 3620 1332 3680 cuius

18 3774 19 3777 ,
122 3730 223 3773 semen
238 3725 292 3785 est,
304 3725 334 3773 et
347 3733 410 3774 non
423 3714 455 3775 id
469 3715 553 3792 'quod
568 3727 672 3775 natum
684 3726 730 3776 est
743 3732 783 3774 ex
799 3713 912 3792 uirgine
927 3717 1011 3775 Deus
1025 3725 1070 3776 est
1084 3736 1121 3776 ex
1136 3718 1204 3776 Deo
1219 3728 1249 3776 et
1263 3736 1333 3777 eon·

122 3810 323 3872 substantialis
338 3813 417 3872 Patri
429 3838 436 3884 ;
461 3812 519 3872 nisi
532 3814 609 3874 sorte
623 3833 691 3891 pars
701 3811 773 3888 nati,
784 3823 874 3890 prout
885 3811 949 3890 ipse
959 3811 990 3872 in
1001 3812 1187 3874 inferioribus
1203 3816 1331 3891 ‘partem

123 3905 246 3967 Christi'
263 3905 400 3967 nominat
414 3907 566 3969 deitatem.
1344 3942 1362 3998 3
1365 3939 1382 3999 5

161 4018 231 4080 ἀλλ’
241 4023 295 4102 οὔχ
307 4018 327 4097 ἦ
341 4021 402 4081 θεία
416 4023 505 4099 φύσις
518 4025 549 4083 ἔκ
561 4022 702 4102 παρθένου
793 4023 919 4083 sednon
934 4019 1037 4080 diuina
1051 4032 1155 4080 natura
1169 4040 1206 4081 ex
1219 4020 1333 4099 uirgine

122 4119 293 4199 γεγέννηται,
305 4117 471 4200 γεγέννηται
482 4119 512 4180 δὲ
526 4125 557 4181 ἐκ
569 4122 620 4197 τῆς
632 4146 701 4199 παρ
752 4131 824 4181 nata
843 4130 897 4193 est,
920 4131 1007 4178 natus
1028 4129 1128 4179 autem
1151 4129 1196 4180 est
1218 4139 1255 4178 ex
1276 4120 1333 4179 uir·

125 4215 204 4275 θένου
221 4213 238 4275 ὁ
255 4220 288 4275 ἐκ
305 4222 357 4291 τῆς
375 4217 473 4281 οὐσίας
491 4224 543 4295 τῆς
562 4221 702 4298 παρθένου
751 4217 821 4295 gine
835 4216 886 4293 qui
900 4236 937 4276 ex
950 4215 1116 4276 substantia
1129 4214 1250 4295 uirginis
1264 4237 1335 4278 con·

124 4311 247 4376 συστάς·
276 4310 333 4392 οίχ
354 4311 372 4372 θ
395 4312 459 4377 θεὸς
481 4313 569 4396 λόγος
597 4320 628 4376 ἐκ
651 4318 706 4393 τῆς
752 4325 829 4388 stat;
850 4332 912 4373 non
933 4316 1015 4374 Deus
1029 4314 1163 4373 Verbum
1181 4334 1217 4375 ex
1237 4316 1335 4377 Maria

385 4430 400 4472 4
417 4419 477 4462 nato
493 4413 590 4478 templo
610 4414 662 4463 CV
738 4429 766 4477 3¹
786 4409 881 4461 idcirco
893 4410 951 4475 (sor
960 4406 1016 4474 hoc)
1031 4410 1052 4460 C
1057 4411 1083 4460 V

530 4492 544 4517 ⁴
561 4494 647 4556 [Rom.
661 4494 676 4542 i.
692 4511 714 4558 3.
750 4493 843 4544 rTim.
858 4492 883 4542 ii.
898 4493 933 4555 81.
962 4563 966 4569 Ι
