3142 5100
112 442 337 493 FRAGMENTS
359 443 405 493 OF
428 442 505 491 THE
528 442 724 492 DOGMATIC
747 440 880 491 WORKS
903 440 950 491 OF
972 440 1185 492 THEODORE.
1224 443 1288 507 309

85 616 203 694 ἆκριθῶς
231 617 425 694 ἐπισταμένου,
453 615 500 675 καὶ
527 613 561 692 δή
588 612 660 693 πρόε
707 613 914 691 operationem
934 611 1118 674 habitatione
1139 631 1192 673 sua
1206 633 1288 691 prae·

85 716 133 791 πὶν
147 716 249 775 τούτου
266 715 426 792 βεβαίωσιν
441 712 555 791 πολλῆν
572 711 659 773 αὐτοῦ
708 710 806 771 stabat
816 729 871 787 pro
882 709 1017 771 omnium
1030 720 1166 770 nostrum
1181 711 1284 771 salute.

85 814 252 893 παρέχοντος
274 818 311 893 τῇ
332 813 421 893 οἰκεία
444 812 585 889 ἐνοικήσει
605 813 659 888 τήν
708 808 789 869 unde
817 828 873 868 nec
901 806 1044 868 iniustum
1071 807 1153 867 dicat
1180 806 1287 884 aliquis

86 910 244 990 σινεργείαν
263 910 333 986 ὑπὲρ
356 914 408 987 τῆς
431 908 560 970 ἁπάντων
580 908 660 986 ἡμῶν
707 924 781 979 esse,
807 905 888 982 quod
912 916 1027 982 praeter
1049 923 1154 964 omnes
1177 903 1288 982 praeci-

86 1008 228 1084 σωτηρίας.
273 1003 338 1068 ὅθεν
364 1005 429 1067 οὐδὲ
454 1004 561 1068 &tntae
585 1004 660 1063 εἴποι
708 1023 802 1080 puum
830 1003 943 1081 aliquid
964 1005 1067 1064 datum
1089 1022 1154 1065 esse
1174 1003 1216 1063 illi
1236 1004 1288 1065 ho
1323 1004 1339 1064 5

85 1129 125 1168 τις
154 1103 187 1165 τὰ
220 1104 297 1182 παραὶ
331 1103 438 1168 πάντας
464 1101 605 1180 ἐξαίρετόν
631 1125 660 1160 τι
707 1101 780 1160 mini
794 1099 847 1177 qui
861 1122 879 1161 a
895 1100 1028 1162 Domino
1042 1103 1219 1179 adsumptus
1234 1113 1286 1164 est.

86 1204 281 1283 παρεσχῆσθαι
315 1209 354 1283 τῷ
387 1200 443 1262 rino*
477 1206 529 1261 τοῦ
562 1200 660 1276 κυρίου

87 1301 219 1377 ληφθέντι
232 1298 377 1381 ἀνθρώπῳ.

180 1485 208 1542 3.
252 1461 331 1546 [Act
347 1466 441 1527 Cone
460 1464 520 1524 CP.
536 1461 565 1522 ii.
583 1480 622 1522 tv.
643 1480 676 1538 17
694 1464 725 1541 (“
735 1460 871 1522 eiusdem
884 1459 1038 1522 Theodori
1052 1480 1088 1522 ex
1102 1461 1178 1521 libro

308 1579 414 1645 quarto
426 1566 546 1628 decimo
561 1566 599 1627 de
614 1565 826 1626 Incarnatione
835 1564 872 1641 '’).
917 1563 982 1642 Vig.
1002 1562 1058 1646 18}

142 1683 180 1742 Et
193 1682 359 1742 secundum
374 1682 449 1741 duas
463 1679 592 1742 rationes
605 1682 705 1741 locum
720 1678 858 1756 imaginis
872 1678 995 1740 obtinet
1032 1677 1084 1755 qui
1096 1678 1176 1739 enim
1186 1692 1289 1739 amant

87 1781 236 1855 quosdam,
247 1792 316 1858 post
330 1789 457 1840 mortem
472 1798 575 1838 eorum
589 1777 708 1854 saepius
722 1775 865 1854 imagines
879 1789 1052 1850 statuentes,
1067 1778 1126 1838 hoc
1140 1779 1288 1840 sufficiens
1304 1797 1341 1835 ro

87 1876 183 1935 mortis
197 1876 336 1936 solatium
350 1877 461 1935 habere
479 1874 674 1951 arbitrantur,
695 1884 725 1934 et
745 1894 815 1935 eum
836 1874 888 1951 qui
909 1894 972 1935 non
992 1874 1111 1936 uidetur
1131 1896 1187 1936 nec
1208 1896 1289 1954 prae-

88 1993 150 2035 sens
163 1985 208 2035 est
222 1986 375 2051 tamquam
395 1974 427 2034 in
448 1973 576 2051 imagine
597 1973 793 2051 suspicientes
811 1984 921 2050 'putant
942 1974 1053 2049 uidere,
1075 1974 1116 2035 ita
1136 1975 1288 2035 flammam
1341 1970 1344 1971 ⁷

88 2072 220 2134 desiderii
238 2084 268 2133 et
287 2072 422 2150 uigorem
441 2074 601 2149 placantes.
645 2072 698 2131 sed
712 2069 803 2131 etiam
816 2070 859 2130 illi
878 2071 928 2148 qui
947 2091 1001 2149 per
1019 2071 1155 2134 ciuitates
1176 2074 1289 2134 habent

88 2167 293 2246 imperatorum
328 2168 481 2247 imagines,
511 2179 665 2245 tamquam
700 2178 873 2244 praesentes
907 2179 937 2229 et
971 2168 1109 2230 uidentes
1143 2171 1289 2231 honorare

87 2264 220 2327 uidentur
240 2286 293 2327 eos
315 2266 367 2343 qui
389 2285 452 2326 non
475 2277 544 2326 sunt
565 2278 744 2342 praesentes,
765 2267 846 2325 cultu
868 2276 900 2325 et
920 2266 1094 2327 adoratione
1115 2258 1287 2346 imaginum.
1307 2288 1340 2347 15

88 2359 139 2420 ista
158 2375 258 2424 autem
281 2374 406 2440 utraque
427 2381 479 2440 per
501 2359 584 2421 illum
605 2361 806 2439 adimplentur
817 2382 826 2435 ς
849 2381 955 2422 omnes
975 2361 1055 2423 eninr
1077 2363 1128 2440 qui
1149 2383 1218 2424 cum
1238 2363 1289 2424 illo

88 2471 153 2520 sunt
166 2473 196 2521 et
209 2460 349 2521 uirtutem
364 2469 528 2536 sequuntur
541 2471 571 2519 et
586 2459 754 2520 debitorum
770 2461 839 2521 Deo
858 2463 954 2537 parati
973 2461 1148 2537 redditores,
1163 2462 1290 2543 diligunt

89 2577 150 2617 mm
164 2571 195 2620 et
208 2560 296 2620 ualde
310 2559 468 2620 honorant
512 2568 542 2618 et
556 2558 709 2618 caritatem
723 2557 846 2634 quidem
860 2558 897 2634 ei,
913 2560 1015 2620 diuina
1029 2573 1134 2622 natura
1144 2560 1213 2623 licet
1227 2583 1290 2623 non

89 2655 269 2733 adspiciatur,
281 2656 447 2733 adimplent
461 2652 491 2714 in
506 2653 558 2715 illo
572 2653 624 2732 qui
638 2658 677 2715 ab
692 2655 833 2715 omnibus
847 2655 973 2729 uidetur,
986 2656 1181 2718 sieomnibus
1192 2658 1289 2719 existi-

90 2751 232 2812 mantibus
245 2764 278 2812 ut
292 2750 389 2830 ipsum
405 2750 575 2812 uidentibus
589 2750 739 2828 perillum
759 2762 790 2812 et
811 2750 853 2811 illi
875 2771 993 2830 semper
1014 2754 1221 2830 praesentibus
1230 2777 1239 2830 3
1260 2767 1290 2816 et
1306 2778 1343 2815 20

90 2847 227 2909 honorem
242 2867 315 2908 uero
333 2866 453 2908 omnem
472 2847 515 2906 sic
532 2847 707 2907 adtribuunt
728 2857 881 2924 tamquam
903 2846 1025 2927 imagini
1046 2848 1199 2926 imperiali,
1221 2869 1289 2910 cum

89 2944 168 3020 quasi
189 2945 219 3004 in
238 2945 307 3023 ipso
328 2943 366 3005 sit
386 2943 488 3004 diuina
508 2955 615 3004 natura
634 2955 665 3004 et
685 2944 716 3003 in
731 2944 798 3021 ipso
813 2955 973 3021 spectetur.
1020 2944 1045 3005 si
1059 2946 1140 3006 enim
1154 2957 1184 3006 et
1199 2946 1290 3006 Filius

24 3057 25 3126 ξ
90 3053 131 3100 est
143 3041 194 3119 qui
206 3040 371 3102 inhabitare
384 3040 500 3113 dicitur,
515 3042 569 3102 sed
583 3060 652 3100 cum
667 3061 705 3102 eo
719 3053 764 3101 est
779 3041 869 3102 etiam
890 3044 985 3115 Pater,
1004 3054 1034 3103 et
1055 3041 1291 3120 inseparabiliter

24 3151 25 3220 l
90 3137 257 3200 omnimodo
272 3139 311 3199 ad
327 3138 435 3199 Filium
449 3158 515 3199 esse
528 3139 567 3199 ab
581 3137 665 3199 omni
679 3138 807 3199 creditur
822 3150 974 3214 creatura3
995 3150 1025 3200 et
1046 3138 1170 3217 Spiritus
1190 3152 1291 3200 autem

24 3231 25 3252 ¹
90 3253 147 3294 nou
168 3235 259 3308 abest,
285 3246 390 3312 utpote
413 3233 504 3295 etiam
532 3233 564 3293 in
586 3234 655 3294 loco
679 3232 829 3295 unctionis
852 3236 948 3295 sactus
972 3234 1009 3308 ei,
1033 3246 1156 3296 etcum
1184 3254 1222 3295 eo
1247 3246 1292 3296 est
1307 3262 1322 3301 α
1327 3259 1343 3320 5

24 3403 25 3414 χ
90 3351 200 3409 semper
211 3331 263 3409 qui
277 3333 453 3408 adsumptus
467 3341 521 3391 est.
564 3342 594 3391 et
608 3349 670 3390 non
685 3330 853 3391 mirandum
868 3341 922 3404 est,
938 3350 1007 3391 cum
1022 3329 1111 3392 etiam
1125 3330 1157 3391 in
1171 3330 1291 3408 quibus·

90 3428 157 3489 libet
170 3429 341 3491 hominibus
357 3430 497 3489 uirtutem
517 3427 712 3507 sequentibus
732 3448 803 3489 cum
824 3430 900 3489 Filio
921 3441 951 3491 et
973 3432 1062 3491 Pater
1081 3449 1146 3491 esse
1166 3428 1291 3505 dicitur3

24 3519 25 3570 Ῐ
92 3531 225 3590 ueniamus
238 3527 319 3589 enim
333 3536 362 3588 et
371 3549 418 3606 ego
429 3535 459 3587 et
470 3528 569 3599 Pater,
583 3535 610 3586 ct
623 3528 797 3587 mansionem
811 3530 894 3604 apud
903 3527 1176 3607 ptsumfaa'emus*.
1209 3528 1293 3605 quod

90 3638 182 3688 autem
209 3640 239 3690 et
267 3626 392 3706 Spiritus
420 3625 569 3689 eiusmodi
595 3625 751 3686 hominum
778 3624 985 3704 inseparabilis
1016 3639 1070 3704 est,
1098 3637 1213 3687 certum
1247 3638 1293 3688 est

90 3724 229 3786 omnibus·
1306 3746 1345 3804 30

602 3916 693 3974 Boon
714 3931 764 3974 xv.

193 4052 216 4090 1.
262 4027 343 4112 [Fac.
359 4028 396 4089 in
414 4048 432 4106 3
447 4031 478 4110 (“
486 4026 592 4105 quinto
607 4026 725 4089 decimo
740 4027 895 4089 libro...de
911 4028 1120 4089 Incarnatione
1131 4025 1184 4110 '’)].

146 4147 269 4221 Propter
289 4143 373 4221 quod
394 4153 552 4219 utrumque
573 4140 650 4203 iuste
671 4141 748 4203 filius
768 4152 902 4215 uocatur,
924 4160 985 4201 una
1005 4141 1150 4202 existente
1164 4161 1293 4220 persona

90 4260 172 4316 quatu
186 4240 331 4303 adunatio
344 4251 516 4302 naturarum
530 4240 636 4303 effecit.
1008 4305 1012 4309 ,

137 4386 163 4433 ¹3
179 4371 307 4420 ciuitatem
325 4371 351 4419 V
462 4369 668 4434 14uidendosc
800 4382 828 4433 17
839 4370 888 4420 Dei
901 4370 923 4421 C
938 4371 963 4419 V
1090 4384 1120 4434 19
1136 4371 1295 4435 adimplete

94 4461 117 4496 2²
134 4448 221 4516 iulhes
226 4450 292 4517 ipso)
304 4467 343 4500 om
361 4452 385 4501 V
480 4464 510 4514 η
529 4452 602 4502 Patre
619 4452 645 4500 V
739 4467 770 4519 ²9
786 4451 930 4502 huiusmodi
947 4452 972 4502 V

556 4543 571 4568 ⁴*
589 4543 616 4593 S.
628 4543 695 4608 John
708 4542 757 4591 xiv.
771 4557 811 4606 23·
