3142 5100
123 407 359 463 FRAGMENTS
381 408 429 463 OF
450 408 528 461 THE
551 406 748 460 DOGMATIC
769 406 905 461 woRKs
927 406 975 460 OF
997 406 1211 459 THEODORE.
1247 403 1307 474 333

91 579 269 660 percipere;
289 580 476 642 manifestum
491 579 634 658 estquod
652 590 682 641 et
700 589 893 658 peccaturum
907 596 977 641 eum
991 588 1125 653 nouerat,
1141 587 1173 640 et
1187 585 1311 656 propter

91 675 154 736 boc
172 679 280 755 procul
301 677 395 739 dubio
419 676 601 738 moriturum.
645 695 706 754 quo
730 676 824 737 modo
845 695 916 755 ergo
936 696 999 737 non
1020 686 1067 737 est
1087 686 1236 737 extremae
1261 673 1312 737 de-

92 777 231 837 mentiae
255 777 375 837 credere
398 776 481 853 quod
504 774 640 854 primitus
662 794 731 836 eum
756 774 944 836 inmortalem
969 773 1001 834 in
1027 793 1079 835 sex
1100 775 1189 834 horas
1207 770 1311 833 lecerit

93 873 182 954 (nam
200 886 303 936 tantae
322 876 440 936 fuerunt
461 895 479 934 a
500 872 674 935 conditione
691 873 755 935 eius
772 892 869 950 usque
890 873 929 933 ad
948 871 1201 946 commissionem,
1219 889 1312 948 quan·

93 970 266 1050 doquidem
290 983 373 1034 serto
398 971 448 1033 die
460 974 587 1033 factuse
604 983 682 1033 terra
695 983 725 1033 et
739 972 903 1032 comedens
917 982 1023 1032 contra
1037 970 1174 1032 diuinum
1188 969 1312 1029 manda·
1346 978 1362 1041 5

93 1079 161 1130 tum
177 1070 219 1131 de
231 1070 369 1148 paradiso
384 1071 485 1148 pulsus
499 1069 566 1147 est),
577 1071 731 1130 mortalem
742 1069 815 1130 ueio
828 1079 898 1147 post
913 1079 1070 1147 peccatum
1085 1066 1313 1129 monstrauerit?

93 1179 213 1228 certum
238 1179 283 1228 est
311 1167 390 1229 enim
414 1167 485 1246 quia
509 1168 533 1227 si
558 1188 627 1229 eum
649 1168 839 1229 inmortalem
864 1167 1018 1241 uoluisset,
1042 1187 1098 1228 uec
1122 1166 1311 1228 intercedens

93 1276 257 1345 peccatum
282 1265 342 1327 Dei
365 1265 542 1327 sententiam
568 1276 801 1343 commutasset3
831 1267 902 1345 quia
923 1286 980 1328 nec
1005 1265 1158 1329 diabolum
1181 1263 1251 1327 fecit
1275 1284 1313 1326 ex

93 1363 251 1426 inmortali
272 1366 436 1437 mortalem,
454 1375 485 1426 et
506 1361 628 1442 quidem
646 1374 823 1425 cunctorum
843 1365 990 1425 malorum
1007 1362 1186 1425 existentem
1205 1364 1313 1444 princi-

95 1463 192 1543 pium
1327 1475 1366 1516 ro

98 1704 124 1744 2.
170 1682 260 1767 [Mar.
285 1687 408 1747 Mercat
431 1706 487 1747 exa
512 1707 531 1760 4
552 1685 585 1768 (“
596 1686 731 1749 eiusdem
751 1685 906 1748 Theodori
928 1687 967 1749 de
990 1686 1125 1747 secundo
1145 1683 1252 1747 codice
1276 1704 1313 1746 ex

181 1783 259 1845 libro
279 1784 366 1847 tertio
386 1785 460 1847 folio
479 1786 624 1866 vigesimo
645 1787 771 1864 quinto:
792 1806 848 1847 non
862 1787 946 1859 enim,
961 1783 1066 1864 inquit,
1082 1787 1129 1845 Iris
1141 1786 1200 1862 qui,
1215 1787 1309 1847 dcc...

182 1892 214 1940 et
228 1892 298 1959 post
310 1883 488 1959 paululum:
509 1885 582 1961 qm's,
598 1881 704 1961 inquit,
720 1884 763 1943 ita
775 1885 894 1959 demens,
910 1880 1018 1965 &c'')].

162 2026 235 2085 Non
259 2024 341 2086 enim
364 2027 411 2088 his
435 2029 487 2106 qui
509 2032 548 2089 ab
571 2031 670 2090 Adam
693 2050 789 2108 usque
812 2031 851 2090 ad
874 2030 1038 2091 aduentum
1062 2027 1173 2090 Christi
1198 2026 1315 2090 domini

96 2123 130 2181 in
158 2122 250 2183 tantis
277 2125 395 2185 fuerunt
422 2124 625 2203 impietatibus
650 2138 680 2187 et
702 2126 907 2205 iniquitatibus
929 2137 1057 2205 quantus
1078 2126 1184 2187 beatus
1205 2126 1314 2185 Paulus

98 2221 229 2301 propriis
248 2222 346 2283 uerbis
365 2223 516 2300 expressit,
537 2234 570 2285 ut
589 2223 620 2283 in
637 2224 839 2302 superioribus
854 2244 890 2285 ex
904 2223 967 2285 eius
981 2225 1164 2285 declaratum
1178 2221 1312 2296 uocibus,

99 2331 257 2398 tamquam
275 2342 417 2400 magnum
437 2320 580 2400 quiddam
599 2323 823 2385 resurrectionis
840 2325 1011 2385 conlaturus
1034 2334 1078 2384 est
1094 2321 1271 2401 praemium,
1289 2319 1314 2380 si

100 2437 155 2479 eos
176 2418 329 2496 suppliciis
347 2420 525 2497 quibusdam
542 2420 607 2481 sine
626 2423 686 2482 fine
706 2432 736 2482 et
755 2421 819 2483 sine
836 2421 1020 2482 correctione
1039 2419 1199 2482 tradiderit
1242 2441 1313 2482 nam
1330 2435 1365 2497 15

100 2513 155 2576 ubi
180 2512 239 2574 iam
263 2516 332 2576 loco
355 2516 484 2577 muneris
504 2515 680 2577 resurrectio
701 2517 930 2596 computabitur,
953 2518 979 2579 si
996 2537 1097 2596 poena
1118 2518 1182 2580 sine
1202 2538 1315 2581 correc-

18 2626 31 2660 '·
100 2614 186 2675 tione
207 2613 428 2691 resurgentibus
445 2613 603 2675 inseratur?
684 2614 703 2651 ἤ
785 2614 805 2651 *
887 2614 905 2648 '⁵
988 2616 1054 2693 quis
1074 2616 1115 2677 ita
1136 2617 1261 2678 demens
1281 2628 1315 2678 ut

99 2723 220 2772 tantum
244 2711 357 2772 bonum
380 2711 481 2771 credat
502 2709 656 2771 materiam
679 2711 741 2772 fieri
770 2713 992 2790 resurgentibus
1019 2713 1126 2775 infiniti
1155 2713 1316 2793 supplicii?

101 2808 213 2886 quibus
231 2807 331 2868 utilius
348 2819 410 2868 erat
431 2808 555 2869 omnino
575 2827 638 2868 non
656 2827 775 2886 surgere
789 2829 881 2887 quam
894 2821 1046 2871 tantorum
1060 2823 1091 2872 et
1104 2811 1208 2872 talium
1221 2814 1315 2874 malo-

101 2926 170 2968 rum
184 2918 254 2984 post
267 2905 510 2969 resurrectionem
525 2908 581 2968 sub
596 2907 718 2968 infinitis
732 2907 838 2986 poenis
852 2907 1064 2986 experientiam
1079 2909 1232 2971 sustinere.
1329 2925 1369 2967 πο

103 3147 130 3205 3.
175 3124 264 3209 [Mar.
289 3129 413 3187 Mercat.
436 3147 490 3187 exc.
517 3148 531 3186 2
556 3125 587 3207 (“
597 3126 732 3188 eiusdem
745 3126 900 3187 Theodori
914 3146 952 3187 ex
966 3129 1103 3189 secundo
1117 3126 1224 3191 codice
1240 3129 1317 3192 libro

184 3225 274 3286 tertio
294 3237 366 3287 ante
387 3237 528 3303 quattuor
547 3225 620 3288 solia
638 3226 705 3286 finis
719 3225 804 3287 libri:
827 3227 878 3285 sed
888 3226 968 3285 nibil
976 3226 1089 3300 horum,
1105 3228 1234 3289 &c...et
1248 3237 1318 3307 post

186 3322 359 3400 paululum:
379 3323 567 3399 mamfcstiua
587 3321 691 3399 inquit,
714 3325 782 3382 haec
798 3323 897 3394 codem,
917 3323 1046 3383 &c...et
1060 3333 1129 3401 post
1141 3324 1317 3402 paululum:

186 3421 296 3493 idcirco,
313 3419 419 3498 inquit,
433 3422 584 3481 Donamus
596 3429 704 3493 auctor,
720 3416 827 3501 &c’')].

165 3542 227 3604 Sed
241 3540 315 3601 nihil
327 3543 434 3603 horum
447 3541 614 3621 perspicere
628 3540 725 3622 potuit
739 3541 881 3604 mirabilis
895 3541 1012 3620 peccati
1023 3541 1172 3621 originalis
1181 3555 1317 3620 assertor,

107 3641 219 3719 quippe
243 3640 296 3717 qui
320 3640 351 3701 in
373 3639 481 3702 diuinis
505 3641 656 3720 scripturis
674 3660 866 3720 nequaquam
887 3641 975 3702 suerit
998 3643 1183 3715 exercitatus,
1204 3662 1261 3703 nec
1281 3644 1319 3703 ab

106 3740 236 3816 infantia
251 3738 345 3820 (iuxta
358 3741 439 3801 beati
459 3740 543 3800 Pauli
563 3740 684 3819 uocem)
697 3760 797 3801 sacras
811 3739 947 3801 didicerit
961 3741 1114 3811 litteras*;
1133 3741 1188 3802 sed
1201 3742 1264 3801 siue
1278 3741 1318 3803 de

107 3840 270 3918 scripturae
291 3838 427 3899 sensibus
448 3838 511 3898 siue
531 3839 569 3899 de
584 3839 724 3917 dogmate
739 3856 830 3914 saepe
846 3838 1026 3910 declamans,
1042 3838 1136 3897 multa
1148 3839 1318 3915 frequenter

106 3939 211 4017 inepta
238 3936 358 4015 proprie
387 3935 622 3997 communiterue
650 3937 689 3996 de
717 3934 790 4013 ipsis
820 3934 982 4011 scripturae
1010 3934 1210 4011 dogmatibus,
1239 3955 1317 4013 quae
1332 3952 1369 4017 ας

105 4035 241 4115 plurimis
259 4034 448 4112 impudenter
465 4033 655 4112 exprompsit.
698 4052 769 4092 nam
788 4031 943 4111 potentiae
960 4043 1058 4091 metus
1078 4033 1192 4091 nullum
1213 4044 1319 4094 contra

106 4134 224 4196 sinebat
241 4131 331 4206 effari,
351 4132 405 4193 sed
426 4133 636 4193 tantummodo
651 4129 732 4192 taciti
747 4130 800 4208 qui
813 4129 981 4191 diuinarum
1001 4128 1208 4207 scripturamm
1226 4131 1317 4193 habe·

156 4277 471 4346 3mortalemblborisb
548 4279 647 4344 7quod
660 4273 1125 4344 (ferquialglesselbesuol.)addb
1199 4276 1230 4329 16
1244 4285 1318 4343 pata·

104 4365 203 4429 biturg
275 4376 305 4412 ar
324 4360 427 4410 illorum
434 4359 470 4425 gl
485 4361 641 4426 praespicere
648 4377 670 4426 g
743 4374 774 4423 ²5
791 4359 918 4425 scripturis
929 4358 1137 4423 dogmatibusque
1148 4359 1162 4407 b
1169 4375 1191 4424 g

602 4503 777 4555 wamia.
793 4518 831 4570 15.
