3142 5100
118 398 297 486 JV.9-11.]
449 411 490 461 m
514 412 566 460 ΕΡ.
589 411 640 460 nn
663 410 895 462 rmorunuu
920 414 941 463 1.
1192 455 1197 462 .
1240 415 1299 480 147

114 584 241 648 conferre
256 584 349 646 nobis
365 604 431 647 non
448 582 586 646 minima
602 582 732 664 potest.'
759 603 847 668 nam
863 585 953 665 quod
969 585 1058 647 dixit
1075 585 1192 648 ‘uitam
1205 605 1298 667 prae·

113 689 240 765 sentem,'
269 690 314 752 sic
344 689 425 753 dicit
455 689 545 771 quod
577 688 632 770 pii,
662 688 689 750 si
720 688 822 751 etiam
854 688 1034 770 aliquando
1065 689 1298 753 necessitatem

112 794 323 870 sustinuerunt,
351 792 531 874 plurimum
559 791 714 853 iuuamen
746 792 847 854 etiam
879 792 1062 855 secundum
1088 804 1298 875 praesentem

112 897 200 959 uitam
214 898 445 979 adsequuntur.
490 905 525 957 et
540 894 665 957 dictum
683 913 779 956 suum
796 892 997 958 confirmans
1013 896 1149 959 adiecit:

155 1050 246 1132 fidele
257 1050 389 1114 uerbum
404 1048 539 1112 etornni
551 1046 723 1129 acceptione
737 1046 885 1130 drgnum.
1336 1070 1352 1137 5

162 1176 219 1241 hoc
232 1186 289 1251 est,
307 1198 386 1241 uera
401 1177 483 1240 haec
503 1176 591 1240 dixit
606 1196 693 1258 quae
714 1174 841 1239 nullam
863 1177 1107 1242 dubitationem
1132 1180 1299 1263 suscipere

110 1291 251 1362 poterant,
273 1304 316 1346 eo
337 1283 427 1365 quod
457 1282 564 1363 pietas
594 1281 662 1343 suis
684 1281 905 1345 sectatoribus
928 1280 1108 1346 multorum
1135 1284 1298 1349 bonorum

109 1384 274 1467 largitatem
300 1395 468 1469 praestare
495 1386 634 1449 uidetur.
680 1393 714 1447 et
744 1394 823 1466 post
848 1384 1136 1451 confirmationem
1164 1409 1299 1453 suorum

107 1489 249 1555 dictorum
265 1492 385 1554 iterum
403 1492 445 1554 ad
462 1490 672 1572 sequentiam
688 1488 935 1553 exhortationis
951 1511 1030 1554 suae
1047 1494 1269 1558 conuertitur:

161 1644 192 1707 in
205 1644 258 1708 hoc
272 1644 409 1728 (inquit)
425 1645 612 1708 laboramus
625 1653 657 1706 et
673 1642 913 1726 erprobramur,
928 1645 1081 1728 quoniam
1097 1647 1301 1728 sperauz'mus
1319 1678 1358 1725 10

108 1743 137 1807 in
161 1747 259 1812 Deum
289 1750 417 1825 uiuum,
446 1748 506 1830 qui
531 1758 580 1811 est
606 1748 757 1811 saluatur
783 1748 930 1811 omnium
953 1749 1131 1828 hominum,
1158 1751 1301 1816 maxime

100 1849 243 1930 fidelium.

161 1981 281 2065 ‘itaque
306 2004 382 2046 cum
406 1983 513 2064 pictas
531 1982 637 2046 multa
660 1981 750 2044 bona
771 1983 877 2064 possit
898 1983 1080 2063 prouidere,
1103 2004 1163 2047 nec
1180 1984 1299 2049 mirum

104 2094 147 2147 cst
161 2107 215 2149 nos
229 2087 284 2170 qui
307 2086 474 2149 credimus
498 2086 573 2148 Deo
595 2104 728 2166 semper
746 2085 879 2148 extanti
903 2106 963 2167 pro
983 2106 1023 2149 eo
1045 2097 1079 2149 et
1100 2086 1250 2150 laborare
1266 2098 1300 2151 et

104 2191 278 2270 exprobrari
311 2210 372 2272 pro
395 2209 461 2271 quo
487 2198 522 2252 et
546 2188 616 2270 pati
639 2188 804 2270 optimum
830 2198 889 2265 est,
915 2209 955 2252 eo
985 2192 1076 2272 quod
1098 2191 1159 2255 scit
1183 2213 1299 2256 omnes
1319 2217 1353 2284 ¹5

104 2291 215 2358 saluare
248 2315 309 2359 sua
336 2293 510 2370 bonitate;
548 2292 702 2356 fidelibus
732 2312 813 2355 uero
842 2293 887 2355 ob
924 2293 1130 2358 alacritatem
1168 2296 1299 2360 animae

103 2413 202 2458 eorum
223 2398 325 2460 etiarn
351 2395 472 2459 multas
496 2396 558 2458 scit
582 2405 750 2477 praestare
771 2395 959 2458 mercedes?
1003 2405 1037 2458 et
1057 2396 1215 2477 quoniam
1241 2418 1301 2480 per

104 2498 201 2561 omnia
212 2499 360 2563 ostendit
375 2498 594 2562 necessarium
610 2517 683 2560 esse
694 2495 812 2561 horum
825 2497 972 2561 studium
985 2506 1019 2562 et
1034 2507 1071 2562 ut
1083 2510 1301 2564 exerceantur

102 2602 138 2664 ad
164 2604 320 2684 pietatem
351 2611 478 2666 ceteros
508 2603 675 2677 docentes,
714 2601 853 2665 resumit
882 2603 1108 2684 praepositam
1142 2603 1299 2668 exhorta·

102 2703 223 2781 tionem,
237 2707 386 2771 adiciens
402 2731 409 2770 :
1313 2740 1356 2787 20

148 2842 289 2926 praecipe
302 2843 380 2906 haec
393 2852 425 2905 et
437 2843 517 2907 doce.

156 2984 218 3027 non
244 2964 399 3028 absolute
425 2963 537 3046 posuit
556 2963 710 3047 praecipe,
734 2966 792 3028 sed
825 2967 915 3047 quod
942 2968 1121 3030 conueniat
1145 2988 1221 3055 eum
1249 2967 1299 3031 in·

141 3133 234 3196 {quod
255 3147 317 3183 uero
336 3131 395 3194 (sor
410 3147 469 3181 nam
486 3131 565 3196 quod)
583 3148 599 3179 r
719 3132 814 3182 edixit
831 3131 900 3196 risi
919 3133 954 3198 pii
972 3150 988 3181 r
1107 3152 1123 3196 4
1150 3135 1299 3186 et...adiecit

97 3226 152 3257 οων
244 3228 258 3276 5
277 3212 359 3262 fidelis
367 3228 458 3270 sermo,
470 3213 587 3277 diguusr
683 3223 740 3277 9et
754 3214 790 3263 ait
802 3214 851 3278 <ast
861 3214 1023 3277 conuertitur)
1035 3215 1089 3264 odd
1096 3232 1112 3264 r
1216 3231 1245 3267 ιο
1261 3216 1298 3267 in·

98 3291 145 3353 quit
160 3308 195 3340 om
207 3292 239 3353 rl
254 3294 428 3343 maledicimur
446 3293 502 3357 (sor
519 3293 646 3357 exprobr.)
668 3293 700 3359 rl
715 3294 775 3359 quia
793 3294 851 3360 (jor
867 3295 996 3361 quoniam)
1020 3296 1065 3345 Cr
1212 3312 1241 3357 14
1252 3312 1299 3361 pro

97 3376 180 3424 eaHr
294 3388 322 3437 15
340 3391 387 3440 pro
406 3376 474 3441 quod
490 3377 553 3426 CH
561 3374 565 3440 Ι
581 3377 677 3426 bonum
689 3379 697 3438 (
698 3377 746 3442 sor
756 3378 820 3442 opt.)
833 3378 867 3427 H
995 3387 1024 3439 ¹7
1041 3386 1088 3427 ost.
1103 3393 1148 3442 per
1167 3378 1253 3427 omnia
1268 3380 1300 3428 H

101 3454 124 3502 18
138 3464 173 3504 est
184 3454 241 3521 (sor
257 3457 322 3521 esse)
337 3457 397 3506 CH
400 3473 416 3505 r
430 3455 433 3519 Ι
447 3464 473 3506 et
483 3471 522 3506 om
536 3458 559 3507 C
567 3457 641 3520 (corr)
787 3472 952 3523 rpresumens
967 3457 1071 3521 C(corr)
1086 3455 1090 3521 Ι
1105 3457 1260 3521 propositam
1269 3459 1303 3507 H

97 3550 124 3586 ro
138 3538 210 3588 adicit
223 3539 247 3588 C
263 3546 290 3588 et
301 3538 372 3587 adr

124 3698 145 3747 5.
168 3684 245 3749 fidaele
261 3684 374 3745 uerbum]
407 3685 440 3734 Ο.
455 3685 485 3734 L.
504 3685 554 3734 and
575 3685 662 3748 Vulg„
717 3683 809 3747 ζῦμεθα
827 3684 868 3746 (ef.
894 3684 974 3749 infra,
998 3685 1016 3734 l.
1037 3684 1084 3747 15).
1132 3684 1297 3747 Sperauimus

97 3765 190 3817 “tidelis
209 3765 321 3817 senno?
363 3766 403 3817 ef.
429 3779 459 3816 11.
480 3784 505 3832 p.
528 3779 567 3832 79,
587 3767 605 3816 l.
626 3783 665 3824 η,
691 3764 883 3826 «(ὴλπίκαμεν),
902 3781 930 3815 so
947 3765 1007 3831 vig.
1020 3766 1109 3830 Taps.;
1127 3764 1159 3814 0.
1172 3764 1202 3813 L.
1220 3779 1295 3827 gene·

95 3854 155 3895 note.
355 3893 363 3910 ,
715 3846 779 3909 rally
789 3845 838 3895 and
851 3846 937 3911 Vulg„
952 3843 1135 3910 “speramus”

119 3926 142 3977 6.
172 3929 198 3980 h.
219 3944 240 3979 e.
260 3945 322 3977 uera
339 3929 398 3978 haec
419 3929 494 3990 dixit]
529 3930 568 3978 Cf.
588 3942 619 3978 11.
638 3946 663 3993 p.
750 3941 786 3991 14.
821 3928 873 3977 Deo
886 3934 979 3992 semper
992 3927 1100 3988 extontr]
1133 3923 1170 3986 τῷ
1180 3923 1218 3974 ur
1232 3927 1292 3988 ὄντι,

94 4012 165 4076 pr
192 4024 230 4074 17,
253 4020 322 4061 note
359 4012 408 4061 Th.
429 4011 488 4061 bere
508 4011 604 4077 applies
622 4012 665 4060 the
716 4007 835 4069 rpuntp.
859 4008 952 4058 Thoe:
971 4007 1063 4058 ἀΐδιος
1077 4007 1124 4071 γὰρ
1139 4010 1191 4057 θεὸς
1205 4005 1294 4068 ἀγωνο-

93 4090 189 4142 formula
216 4103 245 4143 ro
267 4093 312 4143 the
333 4092 468 4158 preceding
495 4092 584 4142 words.
622 4092 661 4141 Cf.
717 4087 967 4140 θετεΐτοῖςᾶθλοῦσιν.
1117 4132 1122 4140 .

93 4170 192 4236 inputa
205 4174 274 4221 rotor
287 4168 375 4232 λόγως
392 4169 430 4220 ὅτι
445 4172 485 4220 καὶ
502 4168 610 4220 ἐνταῦθα
624 4172 663 4219 καὶ
750 4189 786 4239 19.
820 4173 926 4222 resumit
930 4179 1016 4237 praep.
1035 4171 1104 4234 ereb]
1138 4173 1184 4223 Le.
1198 4172 1293 4237 παράγ-

91 4252 282 4316 ἐεεῖἦεῦσέβιια
293 4251 391 4314 ὠφελεῖ.
714 4255 791 4313 petite
812 4255 883 4303 takes
901 4269 935 4319 up
953 4250 1066 4315 γύμναζε,
1084 4269 1112 4302 as
1129 4270 1155 4313 γ.
1173 4254 1225 4304 had
1240 4271 1292 4304 suc-

122 4350 157 4384 ro.
188 4334 380 4401 exprobrantur]
406 4335 442 4386 So
453 4335 517 4386 Cod.
531 4336 664 4395 Boemer.;
713 4336 806 4385 ceeded
824 4343 851 4385 to
870 4333 1048 4393 ὑποτιθέμενος.
1091 4333 1142 4398 (Cf.
1161 4343 1248 4400 supra,
1265 4353 1291 4401 p.

90 4414 167 4482 Vulg„
184 4416 414 4468 “maledicimur.’'
453 4418 512 4477 mr„
530 4418 549 4467 it
567 4417 618 4466 will
630 4417 662 4465 be
717 4414 801 4478 146,1.
814 4430 837 4479 5,
852 4417 930 4476 note.)

88 4499 211 4557 observa,
234 4501 296 4551 read
318 4496 489 4557 ὀνειδιζόμεθα,
510 4507 554 4548 not
574 4495 662 4557 ἆγωνι-
712 4531 714 4533 >
747 4511 785 4547 υ.
822 4512 873 4544 non
891 4495 999 4543 absolute
1010 4502 1039 4559 p.
1057 4492 1203 4559 ‘pruecr'pNJ
1221 4495 1290 4544 ‘Not

1101 4609 1201 4657 10—2
