<?xml version="1.0" encoding="UTF-8"?>
<!DOCTYPE html PUBLIC "-//W3C//DTD XHTML 1.0 Transitional//EN"
    "http://www.w3.org/TR/xhtml1/DTD/xhtml1-transitional.dtd">
<html xmlns="http://www.w3.org/1999/xhtml" xml:lang="en" lang="en">
 <head>
  <title>
</title>
<meta http-equiv="Content-Type" content="text/html;charset=utf-8" />
  <meta name='ocr-system' content='tesseract 3.04.00' />
  <meta name='ocr-capabilities' content='ocr_page ocr_carea ocr_par ocr_line ocrx_word'/>
</head>
<body>
  <div class='ocr_page' id='page_1' title='image "./theodoriepiscop00swetgoog_0190.png"; bbox 0 0 3142 5100; ppageno 0'>
   <div class='ocr_carea' id='block_1_1' title="bbox 260 353 1535 462">
    <p class='ocr_par' dir='ltr' id='par_1_1' title="bbox 260 353 1535 462">
     <span class='ocr_line' id='line_1_1' title="bbox 260 353 1535 462; baseline 0.013 -34"><span class='ocrx_word' id='word_1_1' title='bbox 260 380 321 445; x_wconf 89' lang='lat'>170</span> <span class='ocrx_word' id='word_1_2' title='bbox 592 384 821 437; x_wconf 78' lang='lat' dir='ltr'>rnnououus</span> <span class='ocrx_word' id='word_1_3' title='bbox 845 386 1137 441; x_wconf 76' lang='lat' dir='ltr'>uorsunsruuus</span> <span class='ocrx_word' id='word_1_4' title='bbox 1346 379 1393 462; x_wconf 82' lang='lat' dir='ltr'>[V.</span> <span class='ocrx_word' id='word_1_5' title='bbox 1411 396 1450 462; x_wconf 87' lang='lat'>¹9·</span> <span class='ocrx_word' id='word_1_6' title='bbox 1534 353 1535 356; x_wconf 20' lang='lat'>¹</span> 
     </span>
    </p>
   </div>
   <div class='ocr_carea' id='block_1_2' title="bbox 256 539 1535 750">
    <p class='ocr_par' dir='ltr' id='par_1_2' title="bbox 256 539 1535 750">
     <span class='ocr_line' id='line_1_2' title="bbox 256 539 1535 643; baseline 0.008 -27"><span class='ocrx_word' id='word_1_7' title='bbox 256 553 381 618; x_wconf 89' lang='lat' dir='ltr'>interea</span> <span class='ocrx_word' id='word_1_8' title='bbox 397 575 448 620; x_wconf 88' lang='lat' dir='ltr'>res</span> <span class='ocrx_word' id='word_1_9' title='bbox 464 556 589 638; x_wconf 87' lang='lat' dir='ltr'>patitur</span> <span class='ocrx_word' id='word_1_10' title='bbox 604 566 640 620; x_wconf 94' lang='lat' dir='ltr'>ut</span> <span class='ocrx_word' id='word_1_11' title='bbox 656 567 690 621; x_wconf 88' lang='lat' dir='ltr'>et</span> <span class='ocrx_word' id='word_1_12' title='bbox 708 557 806 621; x_wconf 89' lang='lat' dir='ltr'>aliter</span> <span class='ocrx_word' id='word_1_13' title='bbox 826 559 869 623; x_wconf 92' lang='lat' dir='ltr'>de</span> <span class='ocrx_word' id='word_1_14' title='bbox 890 560 1027 643; x_wconf 88' lang='lat' dir='ltr'>negotio</span> <span class='ocrx_word' id='word_1_15' title='bbox 1047 562 1234 639; x_wconf 75' lang='lat' dir='ltr'>iudicetur,</span> <span class='ocrx_word' id='word_1_16' title='bbox 1258 562 1321 627; x_wconf 89' lang='lat' dir='ltr'>hoc</span> <span class='ocrx_word' id='word_1_17' title='bbox 1336 584 1408 627; x_wconf 89' lang='lat' dir='ltr'>uero</span> <span class='ocrx_word' id='word_1_18' title='bbox 1421 563 1448 626; x_wconf 93' lang='lat' dir='ltr'>in</span> <span class='ocrx_word' id='word_1_19' title='bbox 1534 539 1535 550; x_wconf 9' lang='grc' dir='ltr'>ἵ</span> 
     </span>
     <span class='ocr_line' id='line_1_3' title="bbox 256 658 1450 750; baseline 0.01 -31"><span class='ocrx_word' id='word_1_20' title='bbox 256 658 330 720; x_wconf 94' lang='lat' dir='ltr'>loco</span> <span class='ocrx_word' id='word_1_21' title='bbox 351 677 418 722; x_wconf 90' lang='lat' dir='ltr'>non</span> <span class='ocrx_word' id='word_1_22' title='bbox 438 660 562 723; x_wconf 90' lang='lat' dir='ltr'>debere</span> <span class='ocrx_word' id='word_1_23' title='bbox 583 661 629 723; x_wconf 91' lang='lat' dir='ltr'>ita</span> <span class='ocrx_word' id='word_1_24' title='bbox 651 661 720 725; x_wconf 86' lang='lat' dir='ltr'>fieri</span> <span class='ocrx_word' id='word_1_25' title='bbox 743 664 788 726; x_wconf 96' lang='lat' dir='ltr'>ob</span> <span class='ocrx_word' id='word_1_26' title='bbox 803 665 888 727; x_wconf 87' lang='lat' dir='ltr'>duas</span> <span class='ocrx_word' id='word_1_27' title='bbox 911 666 1023 747; x_wconf 87' lang='lat' dir='ltr'><strong>posuit</strong></span> <span class='ocrx_word' id='word_1_28' title='bbox 1046 686 1172 730; x_wconf 86' lang='lat' dir='ltr'>causas.</span> <span class='ocrx_word' id='word_1_29' title='bbox 1218 687 1293 742; x_wconf 85' lang='lat' dir='ltr'>una,</span> <span class='ocrx_word' id='word_1_30' title='bbox 1308 669 1450 750; x_wconf 89' lang='lat' dir='ltr'>quoniam</span> 
     </span>
    </p>
   </div>
   <div class='ocr_carea' id='block_1_3' title="bbox 225 764 1452 1063">
    <p class='ocr_par' dir='ltr' id='par_1_3' title="bbox 225 764 1452 1063">
     <span class='ocr_line' id='line_1_4' title="bbox 257 764 1449 854; baseline 0.011 -31"><span class='ocrx_word' id='word_1_31' title='bbox 257 781 391 825; x_wconf 76' lang='lat' dir='ltr'>necesse</span> <span class='ocrx_word' id='word_1_32' title='bbox 407 776 457 828; x_wconf 92' lang='lat' dir='ltr'>est</span> <span class='ocrx_word' id='word_1_33' title='bbox 473 764 705 848; x_wconf 85' lang='lat' dir='ltr'>presbyterum</span> <span class='ocrx_word' id='word_1_34' title='bbox 722 778 842 852; x_wconf 88' lang='lat' dir='ltr'>utpote</span> <span class='ocrx_word' id='word_1_35' title='bbox 856 790 1070 834; x_wconf 92' lang='lat' dir='ltr'>communem</span> <span class='ocrx_word' id='word_1_36' title='bbox 1086 780 1217 854; x_wconf 86' lang='lat' dir='ltr'>patrem</span> <span class='ocrx_word' id='word_1_37' title='bbox 1234 781 1305 835; x_wconf 91' lang='lat' dir='ltr'>tam</span> <span class='ocrx_word' id='word_1_38' title='bbox 1320 775 1449 836; x_wconf 89' lang='lat' dir='ltr'>uirorum</span> 
     </span>
     <span class='ocr_line' id='line_1_5' title="bbox 255 867 1452 957; baseline 0.013 -32"><span class='ocrx_word' id='word_1_39' title='bbox 255 883 357 946; x_wconf 88' lang='lat' dir='ltr'>quam</span> <span class='ocrx_word' id='word_1_40' title='bbox 381 867 555 930; x_wconf 83' lang='lat' dir='ltr'>mulierum</span> <span class='ocrx_word' id='word_1_41' title='bbox 576 889 690 933; x_wconf 91' lang='lat' dir='ltr'>curam</span> <span class='ocrx_word' id='word_1_42' title='bbox 711 871 892 948; x_wconf 90' lang='lat' dir='ltr'>adhibere;</span> <span class='ocrx_word' id='word_1_43' title='bbox 909 894 950 935; x_wconf 91' lang='lat' dir='ltr'>eo</span> <span class='ocrx_word' id='word_1_44' title='bbox 969 875 1060 956; x_wconf 88' lang='lat' dir='ltr'>quod</span> <span class='ocrx_word' id='word_1_45' title='bbox 1078 883 1112 937; x_wconf 90' lang='lat' dir='ltr'>et</span> <span class='ocrx_word' id='word_1_46' title='bbox 1130 873 1284 938; x_wconf 90' lang='lat' dir='ltr'>similiter</span> <span class='ocrx_word' id='word_1_47' title='bbox 1297 876 1452 957; x_wconf 88' lang='lat' dir='ltr'>utriusque</span> 
     </span>
     <span class='ocr_line' id='line_1_6' title="bbox 225 969 1452 1063; baseline 0.014 -36"><span class='ocrx_word' id='word_1_48' title='bbox 225 979 358 1046; x_wconf 83' lang='lat' dir='ltr'>5sexus</span> <span class='ocrx_word' id='word_1_49' title='bbox 389 969 644 1036; x_wconf 90' lang='lat' dir='ltr'>sollicitudinem</span> <span class='ocrx_word' id='word_1_50' title='bbox 684 974 827 1058; x_wconf 90' lang='lat' dir='ltr'>implens</span> <span class='ocrx_word' id='word_1_51' title='bbox 865 977 1042 1041; x_wconf 86' lang='lat' dir='ltr'>indiscrete</span> <span class='ocrx_word' id='word_1_52' title='bbox 1080 988 1114 1042; x_wconf 90' lang='lat' dir='ltr'>et</span> <span class='ocrx_word' id='word_1_53' title='bbox 1146 980 1300 1043; x_wconf 89' lang='lat' dir='ltr'>mulieres</span> <span class='ocrx_word' id='word_1_54' title='bbox 1335 982 1452 1063; x_wconf 82' lang='lat' dir='ltr'>cogitur</span> 
     </span>
    </p>
   </div>
   <div class='ocr_carea' id='block_1_4' title="bbox 206 1071 1457 2510">
    <p class='ocr_par' dir='ltr' id='par_1_4' title="bbox 256 1071 1455 1478">
     <span class='ocr_line' id='line_1_7' title="bbox 256 1071 1455 1166; baseline 0.013 -34"><span class='ocrx_word' id='word_1_55' title='bbox 256 1071 369 1134; x_wconf 90' lang='lat' dir='ltr'>uidere</span> <span class='ocrx_word' id='word_1_56' title='bbox 385 1084 419 1136; x_wconf 93' lang='lat' dir='ltr'>et</span> <span class='ocrx_word' id='word_1_57' title='bbox 435 1074 525 1159; x_wconf 90' lang='lat' dir='ltr'>loqui</span> <span class='ocrx_word' id='word_1_58' title='bbox 541 1097 619 1140; x_wconf 90' lang='lat' dir='ltr'>curu</span> <span class='ocrx_word' id='word_1_59' title='bbox 635 1081 708 1155; x_wconf 91' lang='lat' dir='ltr'>illis,</span> <span class='ocrx_word' id='word_1_60' title='bbox 723 1091 823 1163; x_wconf 91' lang='lat' dir='ltr'>prout</span> <span class='ocrx_word' id='word_1_61' title='bbox 839 1083 924 1146; x_wconf 90' lang='lat' dir='ltr'>ratio</span> <span class='ocrx_word' id='word_1_62' title='bbox 948 1083 1055 1165; x_wconf 85' lang='lat' dir='ltr'>exigit</span> <span class='ocrx_word' id='word_1_63' title='bbox 1074 1084 1218 1166; x_wconf 81' lang='lat' dir='ltr'>pietatis</span> <span class='ocrx_word' id='word_1_64' title='bbox 1263 1085 1366 1146; x_wconf 88' lang='lat' dir='ltr'>altera</span> <span class='ocrx_word' id='word_1_65' title='bbox 1384 1104 1455 1147; x_wconf 91' lang='lat' dir='ltr'>uero</span> 
     </span>
     <span class='ocr_line' id='line_1_8' title="bbox 256 1180 1453 1261; baseline 0.01 -22"><span class='ocrx_word' id='word_1_66' title='bbox 256 1198 365 1253; x_wconf 85' lang='lat' dir='ltr'>causa,</span> <span class='ocrx_word' id='word_1_67' title='bbox 381 1198 421 1240; x_wconf 94' lang='lat' dir='ltr'>eo</span> <span class='ocrx_word' id='word_1_68' title='bbox 439 1180 529 1261; x_wconf 93' lang='lat' dir='ltr'>quod</span> <span class='ocrx_word' id='word_1_69' title='bbox 554 1182 666 1246; x_wconf 91' lang='lat' dir='ltr'>multis</span> <span class='ocrx_word' id='word_1_70' title='bbox 687 1195 721 1247; x_wconf 88' lang='lat' dir='ltr'>et</span> <span class='ocrx_word' id='word_1_71' title='bbox 740 1185 839 1247; x_wconf 89' lang='lat' dir='ltr'>uariis</span> <span class='ocrx_word' id='word_1_72' title='bbox 860 1186 1091 1251; x_wconf 82' lang='lat' dir='ltr'>occasionibus</span> <span class='ocrx_word' id='word_1_73' title='bbox 1119 1188 1249 1250; x_wconf 90' lang='lat' dir='ltr'>diuerse</span> <span class='ocrx_word' id='word_1_74' title='bbox 1272 1198 1383 1251; x_wconf 91' lang='lat' dir='ltr'>contra</span> <span class='ocrx_word' id='word_1_75' title='bbox 1403 1207 1453 1251; x_wconf 85' lang='lat' dir='ltr'>eos</span> 
     </span>
     <span class='ocr_line' id='line_1_9' title="bbox 257 1283 1453 1373; baseline 0.01 -30"><span class='ocrx_word' id='word_1_76' title='bbox 257 1283 507 1360; x_wconf 86' lang='lat' dir='ltr'>exercebantur,</span> <span class='ocrx_word' id='word_1_77' title='bbox 532 1306 572 1348; x_wconf 89' lang='lat' dir='ltr'>ea</span> <span class='ocrx_word' id='word_1_78' title='bbox 598 1289 728 1352; x_wconf 90' lang='lat' dir='ltr'>ratione</span> <span class='ocrx_word' id='word_1_79' title='bbox 754 1310 821 1372; x_wconf 86' lang='lat' dir='ltr'>qua</span> <span class='ocrx_word' id='word_1_80' title='bbox 849 1291 937 1354; x_wconf 92' lang='lat' dir='ltr'>idem</span> <span class='ocrx_word' id='word_1_81' title='bbox 963 1291 1149 1373; x_wconf 91' lang='lat' dir='ltr'>presbyteri</span> <span class='ocrx_word' id='word_1_82' title='bbox 1170 1293 1276 1355; x_wconf 85' lang='lat' dir='ltr'>coacti</span> <span class='ocrx_word' id='word_1_83' title='bbox 1301 1292 1453 1355; x_wconf 90' lang='lat' dir='ltr'>interdum</span> 
     </span>
     <span class='ocr_line' id='line_1_10' title="bbox 258 1384 1453 1478; baseline 0.01 -33"><span class='ocrx_word' id='word_1_84' title='bbox 258 1384 428 1468; x_wconf 87' lang='lat' dir='ltr'>increpant</span> <span class='ocrx_word' id='word_1_85' title='bbox 453 1389 619 1454; x_wconf 88' lang='lat' dir='ltr'>obnoxios</span> <span class='ocrx_word' id='word_1_86' title='bbox 649 1414 710 1476; x_wconf 94' lang='lat' dir='ltr'>pro</span> <span class='ocrx_word' id='word_1_87' title='bbox 740 1396 894 1459; x_wconf 84' lang='lat' dir='ltr'>admissis</span> <span class='ocrx_word' id='word_1_88' title='bbox 919 1397 1073 1478; x_wconf 88' lang='lat' dir='ltr'>peccatis,</span> <span class='ocrx_word' id='word_1_89' title='bbox 1098 1404 1133 1459; x_wconf 93' lang='lat' dir='ltr'>et</span> <span class='ocrx_word' id='word_1_90' title='bbox 1155 1405 1300 1478; x_wconf 79' lang='lat' dir='ltr'>arguunt</span> <span class='ocrx_word' id='word_1_91' title='bbox 1322 1416 1377 1459; x_wconf 91' lang='lat' dir='ltr'>eos</span> <span class='ocrx_word' id='word_1_92' title='bbox 1401 1415 1453 1478; x_wconf 91' lang='lat' dir='ltr'>pro</span> 
     </span>
    </p>

    <p class='ocr_par' dir='ltr' id='par_1_5' title="bbox 206 1488 1457 1996">
     <span class='ocr_line' id='line_1_11' title="bbox 206 1488 1454 1583; baseline 0.011 -35"><span class='ocrx_word' id='word_1_93' title='bbox 206 1503 245 1549; x_wconf 92' lang='lat'>10</span> <span class='ocrx_word' id='word_1_94' title='bbox 257 1488 378 1568; x_wconf 92' lang='lat' dir='ltr'>quibus</span> <span class='ocrx_word' id='word_1_95' title='bbox 399 1511 466 1553; x_wconf 91' lang='lat' dir='ltr'>non</span> <span class='ocrx_word' id='word_1_96' title='bbox 489 1507 718 1577; x_wconf 82' lang='lat' dir='ltr'>competenter</span> <span class='ocrx_word' id='word_1_97' title='bbox 740 1509 854 1581; x_wconf 84' lang='lat' dir='ltr'>agunt.</span> <span class='ocrx_word' id='word_1_98' title='bbox 898 1500 1074 1583; x_wconf 89' lang='lat' dir='ltr'>prospexit</span> <span class='ocrx_word' id='word_1_99' title='bbox 1094 1520 1174 1583; x_wconf 84' lang='lat' dir='ltr'>ergo</span> <span class='ocrx_word' id='word_1_100' title='bbox 1197 1501 1366 1582; x_wconf 92' lang='lat' dir='ltr'>apostolus</span> <span class='ocrx_word' id='word_1_101' title='bbox 1383 1520 1454 1583; x_wconf 82' lang='lat' dir='ltr'>quo</span> 
     </span>
     <span class='ocr_line' id='line_1_12' title="bbox 259 1591 1455 1683; baseline 0.011 -31"><span class='ocrx_word' id='word_1_102' title='bbox 259 1591 348 1653; x_wconf 87' lang='lat' dir='ltr'>niam</span> <span class='ocrx_word' id='word_1_103' title='bbox 370 1591 464 1658; x_wconf 85' lang='lat' dir='ltr'>facile</span> <span class='ocrx_word' id='word_1_104' title='bbox 489 1597 648 1662; x_wconf 90' lang='lat' dir='ltr'>aduersus</span> <span class='ocrx_word' id='word_1_105' title='bbox 673 1601 887 1683; x_wconf 89' lang='lat' dir='ltr'>presbyteros</span> <span class='ocrx_word' id='word_1_106' title='bbox 913 1604 957 1667; x_wconf 89' lang='lat' dir='ltr'>ab</span> <span class='ocrx_word' id='word_1_107' title='bbox 979 1602 1171 1666; x_wconf 90' lang='lat' dir='ltr'>huiusmodi</span> <span class='ocrx_word' id='word_1_108' title='bbox 1199 1601 1386 1666; x_wconf 92' lang='lat' dir='ltr'>hominibus</span> <span class='ocrx_word' id='word_1_109' title='bbox 1408 1623 1455 1665; x_wconf 88' lang='lat' dir='ltr'>ac-</span> 
     </span>
     <span class='ocr_line' id='line_1_13' title="bbox 257 1697 1454 1789; baseline 0.009 -32"><span class='ocrx_word' id='word_1_110' title='bbox 257 1697 445 1761; x_wconf 86' lang='lat' dir='ltr'>cusationes</span> <span class='ocrx_word' id='word_1_111' title='bbox 475 1701 611 1765; x_wconf 85' lang='lat' dir='ltr'>adnasci</span> <span class='ocrx_word' id='word_1_112' title='bbox 639 1707 776 1786; x_wconf 92' lang='lat' dir='ltr'>possint,</span> <span class='ocrx_word' id='word_1_113' title='bbox 801 1706 989 1789; x_wconf 88' lang='lat' dir='ltr'>opitulante</span> <span class='ocrx_word' id='word_1_114' title='bbox 1011 1707 1059 1769; x_wconf 88' lang='lat' dir='ltr'>eis</span> <span class='ocrx_word' id='word_1_115' title='bbox 1082 1726 1183 1789; x_wconf 89' lang='lat' dir='ltr'>opere</span> <span class='ocrx_word' id='word_1_116' title='bbox 1206 1707 1351 1789; x_wconf 90' lang='lat' dir='ltr'>ipsorum</span> <span class='ocrx_word' id='word_1_117' title='bbox 1371 1717 1406 1770; x_wconf 88' lang='lat' dir='ltr'>ut</span> <span class='ocrx_word' id='word_1_118' title='bbox 1427 1707 1454 1769; x_wconf 91' lang='lat' dir='ltr'>id</span> 
     </span>
     <span class='ocr_line' id='line_1_14' title="bbox 258 1800 1457 1892; baseline 0.008 -31"><span class='ocrx_word' id='word_1_119' title='bbox 258 1802 348 1884; x_wconf 93' lang='lat' dir='ltr'>quod</span> <span class='ocrx_word' id='word_1_120' title='bbox 365 1800 483 1864; x_wconf 92' lang='lat' dir='ltr'>uolunt</span> <span class='ocrx_word' id='word_1_121' title='bbox 499 1806 659 1870; x_wconf 89' lang='lat' dir='ltr'>aduersus</span> <span class='ocrx_word' id='word_1_122' title='bbox 674 1829 732 1871; x_wconf 91' lang='lat' dir='ltr'>eos</span> <span class='ocrx_word' id='word_1_123' title='bbox 747 1810 858 1873; x_wconf 86' lang='lat' dir='ltr'>dicere</span> <span class='ocrx_word' id='word_1_124' title='bbox 874 1809 1085 1872; x_wconf 91' lang='lat' dir='ltr'>uerissimum</span> <span class='ocrx_word' id='word_1_125' title='bbox 1098 1810 1319 1884; x_wconf 85' lang='lat' dir='ltr'>existimetur,</span> <span class='ocrx_word' id='word_1_126' title='bbox 1331 1819 1457 1892; x_wconf 90' lang='lat' dir='ltr'>propter</span> 
     </span>
     <span class='ocr_line' id='line_1_15' title="bbox 258 1905 1456 1996; baseline 0.008 -30"><span class='ocrx_word' id='word_1_127' title='bbox 258 1905 349 1987; x_wconf 89' lang='lat' dir='ltr'>quod</span> <span class='ocrx_word' id='word_1_128' title='bbox 377 1905 514 1970; x_wconf 82' lang='lat' dir='ltr'>licenter</span> <span class='ocrx_word' id='word_1_129' title='bbox 540 1909 593 1972; x_wconf 92' lang='lat' dir='ltr'>uel</span> <span class='ocrx_word' id='word_1_130' title='bbox 612 1911 750 1975; x_wconf 90' lang='lat' dir='ltr'>uideant</span> <span class='ocrx_word' id='word_1_131' title='bbox 773 1912 827 1976; x_wconf 91' lang='lat' dir='ltr'>uel</span> <span class='ocrx_word' id='word_1_132' title='bbox 848 1912 1028 1996; x_wconf 90' lang='lat' dir='ltr'>loquantur</span> <span class='ocrx_word' id='word_1_133' title='bbox 1048 1934 1123 1976; x_wconf 91' lang='lat' dir='ltr'>cum</span> <span class='ocrx_word' id='word_1_134' title='bbox 1145 1913 1357 1991; x_wconf 89' lang='lat' dir='ltr'>mulieribus;</span> <span class='ocrx_word' id='word_1_135' title='bbox 1379 1934 1456 1995; x_wconf 89' lang='lat' dir='ltr'>quae</span> 
     </span>
    </p>

    <p class='ocr_par' dir='ltr' id='par_1_6' title="bbox 208 2007 1457 2510">
     <span class='ocr_line' id='line_1_16' title="bbox 208 2007 1456 2091; baseline 0.005 -19"><span class='ocrx_word' id='word_1_136' title='bbox 208 2021 243 2088; x_wconf 84' lang='lat'>15</span> <span class='ocrx_word' id='word_1_137' title='bbox 259 2027 311 2070; x_wconf 91' lang='lat' dir='ltr'>res</span> <span class='ocrx_word' id='word_1_138' title='bbox 335 2007 490 2091; x_wconf 87' lang='lat' dir='ltr'>malignis</span> <span class='ocrx_word' id='word_1_139' title='bbox 513 2009 704 2077; x_wconf 90' lang='lat' dir='ltr'>hominibus</span> <span class='ocrx_word' id='word_1_140' title='bbox 730 2016 940 2078; x_wconf 89' lang='lat' dir='ltr'>occasionem</span> <span class='ocrx_word' id='word_1_141' title='bbox 965 2016 1188 2078; x_wconf 90' lang='lat' dir='ltr'>accusationis</span> <span class='ocrx_word' id='word_1_142' title='bbox 1217 2017 1297 2079; x_wconf 91' lang='lat' dir='ltr'>dare</span> <span class='ocrx_word' id='word_1_143' title='bbox 1327 2017 1456 2080; x_wconf 91' lang='lat' dir='ltr'>uidetur.</span> 
     </span>
     <span class='ocr_line' id='line_1_17' title="bbox 259 2110 1456 2201; baseline 0.008 -28"><span class='ocrx_word' id='word_1_144' title='bbox 259 2110 338 2193; x_wconf 92' lang='lat' dir='ltr'>quid</span> <span class='ocrx_word' id='word_1_145' title='bbox 364 2132 443 2194; x_wconf 87' lang='lat' dir='ltr'>ergo</span> <span class='ocrx_word' id='word_1_146' title='bbox 463 2114 631 2178; x_wconf 90' lang='lat' dir='ltr'>obseruari</span> <span class='ocrx_word' id='word_1_147' title='bbox 649 2118 822 2182; x_wconf 88' lang='lat' dir='ltr'>decernit?</span> <span class='ocrx_word' id='word_1_148' title='bbox 867 2119 983 2183; x_wconf 87' lang='lat' dir='ltr'>‘aliter</span> <span class='ocrx_word' id='word_1_149' title='bbox 1007 2118 1143 2201; x_wconf 82' lang='lat' dir='ltr'>(inquit)</span> <span class='ocrx_word' id='word_1_150' title='bbox 1165 2117 1233 2182; x_wconf 90' lang='lat' dir='ltr'>noli</span> <span class='ocrx_word' id='word_1_151' title='bbox 1258 2119 1380 2196; x_wconf 90' lang='lat' dir='ltr'>audire,</span> <span class='ocrx_word' id='word_1_152' title='bbox 1402 2121 1456 2182; x_wconf 91' lang='lat' dir='ltr'>nisi</span> 
     </span>
     <span class='ocr_line' id='line_1_18' title="bbox 258 2215 1456 2305; baseline 0.008 -28"><span class='ocrx_word' id='word_1_153' title='bbox 258 2215 327 2278; x_wconf 91' lang='lat' dir='ltr'>duo</span> <span class='ocrx_word' id='word_1_154' title='bbox 351 2225 410 2279; x_wconf 87' lang='lat' dir='ltr'>aut</span> <span class='ocrx_word' id='word_1_155' title='bbox 437 2226 503 2280; x_wconf 89' lang='lat' dir='ltr'>tres</span> <span class='ocrx_word' id='word_1_156' title='bbox 518 2219 696 2283; x_wconf 91' lang='lat' dir='ltr'>uideantur</span> <span class='ocrx_word' id='word_1_157' title='bbox 720 2231 824 2285; x_wconf 89' lang='lat' dir='ltr'>testes</span> <span class='ocrx_word' id='word_1_158' title='bbox 845 2242 918 2285; x_wconf 91' lang='lat' dir='ltr'>esse</span> <span class='ocrx_word' id='word_1_159' title='bbox 940 2223 1064 2305; x_wconf 87' lang='lat' dir='ltr'>negotii</span> <span class='ocrx_word' id='word_1_160' title='bbox 1082 2222 1184 2305; x_wconf 90' lang='lat' dir='ltr'>ipsius</span> <span class='ocrx_word' id='word_1_161' title='bbox 1203 2223 1247 2286; x_wconf 93' lang='lat' dir='ltr'>de</span> <span class='ocrx_word' id='word_1_162' title='bbox 1273 2223 1392 2305; x_wconf 92' lang='lat' dir='ltr'>quibus</span> <span class='ocrx_word' id='word_1_163' title='bbox 1414 2225 1456 2286; x_wconf 91' lang='lat' dir='ltr'>in·</span> 
     </span>
     <span class='ocr_line' id='line_1_19' title="bbox 259 2322 1457 2408; baseline 0.002 -22"><span class='ocrx_word' id='word_1_164' title='bbox 259 2322 408 2386; x_wconf 87' lang='lat' dir='ltr'>tenditur</span> <span class='ocrx_word' id='word_1_165' title='bbox 422 2322 608 2385; x_wconf 63' lang='lat' dir='ltr'>accusatio?</span> <span class='ocrx_word' id='word_1_166' title='bbox 652 2332 687 2387; x_wconf 91' lang='lat' dir='ltr'>et</span> <span class='ocrx_word' id='word_1_167' title='bbox 703 2333 740 2386; x_wconf 89' lang='lat' dir='ltr'>ut</span> <span class='ocrx_word' id='word_1_168' title='bbox 756 2345 798 2388; x_wconf 91' lang='lat' dir='ltr'>ne</span> <span class='ocrx_word' id='word_1_169' title='bbox 813 2325 981 2388; x_wconf 90' lang='lat' dir='ltr'>uideretur</span> <span class='ocrx_word' id='word_1_170' title='bbox 996 2325 1059 2388; x_wconf 90' lang='lat' dir='ltr'>ista</span> <span class='ocrx_word' id='word_1_171' title='bbox 1075 2325 1189 2396; x_wconf 88' lang='lat' dir='ltr'>dicens</span> <span class='ocrx_word' id='word_1_172' title='bbox 1205 2325 1457 2408; x_wconf 90' lang='lat' dir='ltr'>delinquentium</span> 
     </span>
     <span class='ocr_line' id='line_1_20' title="bbox 259 2421 1151 2510; baseline 0.004 -21"><span class='ocrx_word' id='word_1_173' title='bbox 259 2435 398 2510; x_wconf 86' lang='lat' dir='ltr'>peccata</span> <span class='ocrx_word' id='word_1_174' title='bbox 412 2426 498 2489; x_wconf 89' lang='lat' dir='ltr'>uelle</span> <span class='ocrx_word' id='word_1_175' title='bbox 514 2435 700 2509; x_wconf 83' lang='lat' dir='ltr'>contegere,</span> <span class='ocrx_word' id='word_1_176' title='bbox 716 2428 858 2491; x_wconf 89' lang='lat' dir='ltr'>adiecit:</span> <span class='ocrx_word' id='word_1_177' title='bbox 1148 2421 1151 2424; x_wconf 39' lang='lat'>⁵</span> 
     </span>
    </p>
   </div>
   <div class='ocr_carea' id='block_1_5' title="bbox 259 2614 1462 3090">
    <p class='ocr_par' dir='ltr' id='par_1_7' title="bbox 259 2614 1462 3090">
     <span class='ocr_line' id='line_1_21' title="bbox 310 2614 1461 2681; baseline 0 -16"><span class='ocrx_word' id='word_1_178' title='bbox 310 2632 324 2680; x_wconf 83' lang='lat'>3</span> <span class='ocrx_word' id='word_1_179' title='bbox 341 2615 520 2665; x_wconf 86' lang='lat' dir='ltr'>communeH</span> <span class='ocrx_word' id='word_1_180' title='bbox 629 2629 643 2679; x_wconf 83' lang='lat'>7</span> <span class='ocrx_word' id='word_1_181' title='bbox 661 2616 775 2666; x_wconf 88' lang='lat' dir='ltr'>diuersae</span> <span class='ocrx_word' id='word_1_182' title='bbox 786 2616 978 2679; x_wconf 82' lang='lat' dir='ltr'>[accusationes]</span> <span class='ocrx_word' id='word_1_183' title='bbox 989 2615 1083 2681; x_wconf 69' lang='lat' dir='ltr'>rieddl</span> <span class='ocrx_word' id='word_1_184' title='bbox 1215 2631 1231 2680; x_wconf 83' lang='lat'>9</span> <span class='ocrx_word' id='word_1_185' title='bbox 1248 2616 1348 2667; x_wconf 80' lang='lat' dir='ltr'>delictis</span> <span class='ocrx_word' id='word_1_186' title='bbox 1363 2614 1461 2679; x_wconf 79' lang='lat' dir='ltr'>[deliciis</span> 
     </span>
     <span class='ocr_line' id='line_1_22' title="bbox 259 2697 1458 2764; baseline -0.003 -16"><span class='ocrx_word' id='word_1_187' title='bbox 259 2698 307 2760; x_wconf 78' lang='lat' dir='ltr'>eoi]</span> <span class='ocrx_word' id='word_1_188' title='bbox 320 2698 376 2764; x_wconf 80' lang='lat' dir='ltr'>(sor</span> <span class='ocrx_word' id='word_1_189' title='bbox 386 2697 528 2764; x_wconf 88' lang='lat' dir='ltr'>peccatis)l</span> <span class='ocrx_word' id='word_1_190' title='bbox 629 2715 751 2764; x_wconf 81' lang='lat' dir='ltr'>requam</span> <span class='ocrx_word' id='word_1_191' title='bbox 763 2699 983 2764; x_wconf 69' lang='lat' dir='ltr'>(surquouiamll</span> <span class='ocrx_word' id='word_1_192' title='bbox 1092 2715 1119 2750; x_wconf 88' lang='lat' dir='ltr'>rr</span> <span class='ocrx_word' id='word_1_193' title='bbox 1139 2698 1171 2747; x_wconf 86' lang='lat' dir='ltr'>ad</span> <span class='ocrx_word' id='word_1_194' title='bbox 1189 2698 1297 2762; x_wconf 80' lang='lat' dir='ltr'>(forab)</span> <span class='ocrx_word' id='word_1_195' title='bbox 1310 2699 1342 2747; x_wconf 87' lang='lat' dir='ltr'><em>H</em></span> <span class='ocrx_word' id='word_1_196' title='bbox 1432 2711 1458 2746; x_wconf 81' lang='lat' dir='ltr'>rr</span> 
     </span>
     <span class='ocr_line' id='line_1_23' title="bbox 259 2777 1461 2847; baseline -0.002 -16"><span class='ocrx_word' id='word_1_197' title='bbox 259 2782 409 2847; x_wconf 88' lang='lat' dir='ltr'>operumH</span> <span class='ocrx_word' id='word_1_198' title='bbox 471 2798 500 2847; x_wconf 77' lang='lat'>13</span> <span class='ocrx_word' id='word_1_199' title='bbox 517 2782 645 2832; x_wconf 82' lang='lat' dir='ltr'>uerissima</span> <span class='ocrx_word' id='word_1_200' title='bbox 659 2782 813 2833; x_wconf 81' lang='lat' dir='ltr'>existimatur</span> <span class='ocrx_word' id='word_1_201' title='bbox 834 2781 918 2832; x_wconf 52' lang='grc' dir='ltr'>ΝΗ</span> <span class='ocrx_word' id='word_1_202' title='bbox 946 2781 1073 2831; x_wconf 83' lang='lat' dir='ltr'>uerissime</span> <span class='ocrx_word' id='word_1_203' title='bbox 1087 2780 1242 2830; x_wconf 83' lang='lat' dir='ltr'>existimetur</span> <span class='ocrx_word' id='word_1_204' title='bbox 1261 2781 1366 2840; x_wconf 68' lang='grc' dir='ltr'>δίκην)</span> <span class='ocrx_word' id='word_1_205' title='bbox 1393 2777 1461 2829; x_wconf 82' lang='lat' dir='ltr'>ueris·</span> 
     </span>
     <span class='ocr_line' id='line_1_24' title="bbox 259 2861 1462 2927; baseline -0.005 -15"><span class='ocrx_word' id='word_1_206' title='bbox 259 2864 323 2912; x_wconf 86' lang='lat' dir='ltr'>sima</span> <span class='ocrx_word' id='word_1_207' title='bbox 334 2863 488 2913; x_wconf 79' lang='lat' dir='ltr'>existimatur</span> <span class='ocrx_word' id='word_1_208' title='bbox 498 2863 623 2914; x_wconf 88' lang='lat' dir='ltr'>accusatio</span> <span class='ocrx_word' id='word_1_209' title='bbox 635 2880 651 2912; x_wconf 86' lang='lat' dir='ltr'>r</span> <span class='ocrx_word' id='word_1_210' title='bbox 739 2882 769 2927; x_wconf 84' lang='lat'>¹4</span> <span class='ocrx_word' id='word_1_211' title='bbox 785 2864 837 2913; x_wconf 88' lang='lat' dir='ltr'>uid.</span> <span class='ocrx_word' id='word_1_212' title='bbox 849 2864 910 2913; x_wconf 87' lang='lat' dir='ltr'>mul.</span> <span class='ocrx_word' id='word_1_213' title='bbox 921 2862 963 2911; x_wconf 90' lang='lat' dir='ltr'>uel</span> <span class='ocrx_word' id='word_1_214' title='bbox 974 2862 1107 2927; x_wconf 81' lang='lat' dir='ltr'>loquantur</span> <span class='ocrx_word' id='word_1_215' title='bbox 1119 2877 1176 2910; x_wconf 88' lang='lat' dir='ltr'>cum</span> <span class='ocrx_word' id='word_1_216' title='bbox 1187 2861 1223 2911; x_wconf 88' lang='lat' dir='ltr'>eis</span> <span class='ocrx_word' id='word_1_217' title='bbox 1235 2876 1251 2908; x_wconf 86' lang='lat' dir='ltr'>r</span> <span class='ocrx_word' id='word_1_218' title='bbox 1336 2874 1365 2922; x_wconf 83' lang='lat'>15</span> <span class='ocrx_word' id='word_1_219' title='bbox 1381 2874 1462 2910; x_wconf 80' lang='lat' dir='ltr'>occan-</span> 
     </span>
     <span class='ocr_line' id='line_1_25' title="bbox 259 2939 1460 3007; baseline -0.002 -13"><span class='ocrx_word' id='word_1_220' title='bbox 259 2945 354 2994; x_wconf 88' lang='lat' dir='ltr'>sionem</span> <span class='ocrx_word' id='word_1_221' title='bbox 366 2945 522 2995; x_wconf 86' lang='lat' dir='ltr'>occansionis</span> <span class='ocrx_word' id='word_1_222' title='bbox 536 2946 558 2994; x_wconf 86' lang='lat' dir='ltr'><strong><em>C</em></strong></span> <span class='ocrx_word' id='word_1_223' title='bbox 583 2946 740 2996; x_wconf 80' lang='lat' dir='ltr'>occasionem</span> <span class='ocrx_word' id='word_1_224' title='bbox 751 2946 909 2996; x_wconf 81' lang='lat' dir='ltr'>occasionem</span> <span class='ocrx_word' id='word_1_225' title='bbox 920 2946 965 2994; x_wconf 85' lang='lat' dir='ltr'>H:</span> <span class='ocrx_word' id='word_1_226' title='bbox 981 2951 1021 2993; x_wconf 79' lang='lat' dir='ltr'>trt</span> <span class='ocrx_word' id='word_1_227' title='bbox 1030 2960 1046 2993; x_wconf 85' lang='lat' dir='ltr'>r</span> <span class='ocrx_word' id='word_1_228' title='bbox 1174 2942 1203 2993; x_wconf 82' lang='lat'>16</span> <span class='ocrx_word' id='word_1_229' title='bbox 1219 2944 1274 2993; x_wconf 86' lang='lat' dir='ltr'>sine</span> <span class='ocrx_word' id='word_1_230' title='bbox 1285 2943 1342 3007; x_wconf 82' lang='lat' dir='ltr'>(sor</span> <span class='ocrx_word' id='word_1_231' title='bbox 1352 2944 1407 3004; x_wconf 86' lang='lat' dir='ltr'>nisi)</span> <span class='ocrx_word' id='word_1_232' title='bbox 1418 2942 1448 2991; x_wconf 91' lang='lat' dir='ltr'><em>H</em></span> <span class='ocrx_word' id='word_1_233' title='bbox 1449 2939 1460 2962; x_wconf 84' lang='lat'>&#39;</span> 
     </span>
     <span class='ocr_line' id='line_1_26' title="bbox 263 3026 446 3090; baseline -0.005 -15"><span class='ocrx_word' id='word_1_234' title='bbox 263 3041 292 3090; x_wconf 89' lang='lat'>19</span> <span class='ocrx_word' id='word_1_235' title='bbox 308 3026 384 3076; x_wconf 80' lang='lat' dir='ltr'>adicit</span> <span class='ocrx_word' id='word_1_236' title='bbox 399 3028 446 3075; x_wconf 83' lang='lat' dir='ltr'>Cr</span> 
     </span>
    </p>
   </div>
   <div class='ocr_carea' id='block_1_6' title="bbox 260 3188 1469 4562">
    <p class='ocr_par' dir='ltr' id='par_1_8' title="bbox 260 3188 1469 4562">
     <span class='ocr_line' id='line_1_27' title="bbox 260 3188 1465 3258; baseline 0.001 -20"><span class='ocrx_word' id='word_1_237' title='bbox 260 3188 354 3240; x_wconf 87' lang='lat' dir='ltr'>laicum</span> <span class='ocrx_word' id='word_1_238' title='bbox 380 3192 564 3242; x_wconf 79' lang='lat' dir='ltr'>accusationem</span> <span class='ocrx_word' id='word_1_239' title='bbox 591 3192 718 3258; x_wconf 85' lang='lat' dir='ltr'>recipere;</span> <span class='ocrx_word' id='word_1_240' title='bbox 745 3201 843 3258; x_wconf 82' lang='lat' dir='ltr'>quanto</span> <span class='ocrx_word' id='word_1_241' title='bbox 893 3195 1009 3243; x_wconf 73' lang='grc' dir='ltr'>τὲθκαανε</span> <span class='ocrx_word' id='word_1_242' title='bbox 1028 3194 1127 3245; x_wconf 85' lang='lat' dir='ltr'>Sozom.</span> <span class='ocrx_word' id='word_1_243' title='bbox 1147 3205 1196 3242; x_wconf 78' lang='grc' dir='ltr'>νη.</span> <span class='ocrx_word' id='word_1_244' title='bbox 1215 3190 1255 3253; x_wconf 81' lang='lat'>16,</span> <span class='ocrx_word' id='word_1_245' title='bbox 1272 3193 1465 3251; x_wconf 62' lang='grc' dir='ltr'>ἐπηκολούθησαν</span> 
     </span>
     <span class='ocr_line' id='line_1_28' title="bbox 261 3271 1462 3338; baseline -0.002 -16"><span class='ocrx_word' id='word_1_246' title='bbox 261 3274 341 3338; x_wconf 79' lang='lat' dir='ltr'>magis</span> <span class='ocrx_word' id='word_1_247' title='bbox 352 3275 471 3324; x_wconf 87' lang='lat' dir='ltr'>aduersus</span> <span class='ocrx_word' id='word_1_248' title='bbox 484 3275 589 3325; x_wconf 86' lang='lat' dir='ltr'>Domini</span> <span class='ocrx_word' id='word_1_249' title='bbox 600 3274 782 3326; x_wconf 85' lang='lat' dir='ltr'>sacerdotem.&#39;’</span> <span class='ocrx_word' id='word_1_250' title='bbox 894 3277 920 3324; x_wconf 81' lang='grc' dir='ltr'>δὲ</span> <span class='ocrx_word' id='word_1_251' title='bbox 945 3278 1034 3335; x_wconf 78' lang='grc' dir='ltr'>σχεδὸν</span> <span class='ocrx_word' id='word_1_252' title='bbox 1053 3277 1076 3323; x_wconf 86' lang='lat' dir='ltr'>ol</span> <span class='ocrx_word' id='word_1_253' title='bbox 1098 3275 1227 3336; x_wconf 70' lang='grc' dir='ltr'>πανταχοῦ</span> <span class='ocrx_word' id='word_1_254' title='bbox 1250 3273 1398 3333; x_wconf 69' lang='grc' dir='ltr'>ἐπίσκοποι),</span> <span class='ocrx_word' id='word_1_255' title='bbox 1417 3271 1462 3321; x_wconf 82' lang='lat' dir='ltr'>Th.</span> 
     </span>
     <span class='ocr_line' id='line_1_29' title="bbox 300 3354 1464 3422; baseline -0.004 -16"><span class='ocrx_word' id='word_1_256' title='bbox 300 3373 320 3406; x_wconf 88' lang='lat' dir='ltr'>r.</span> <span class='ocrx_word' id='word_1_257' title='bbox 350 3357 625 3419; x_wconf 80' lang='lat' dir='ltr'>interea]=interdum;</span> <span class='ocrx_word' id='word_1_258' title='bbox 643 3356 674 3407; x_wconf 83' lang='lat' dir='ltr'>cf.</span> <span class='ocrx_word' id='word_1_259' title='bbox 688 3369 718 3407; x_wconf 88' lang='lat'>11.</span> <span class='ocrx_word' id='word_1_260' title='bbox 731 3373 755 3422; x_wconf 89' lang='lat' dir='ltr'>p.</span> <span class='ocrx_word' id='word_1_261' title='bbox 771 3372 811 3421; x_wconf 82' lang='lat'>93,</span> <span class='ocrx_word' id='word_1_262' title='bbox 824 3358 841 3406; x_wconf 90' lang='lat'>1.</span> <span class='ocrx_word' id='word_1_263' title='bbox 893 3367 958 3408; x_wconf 89' lang='lat' dir='ltr'>must</span> <span class='ocrx_word' id='word_1_264' title='bbox 970 3359 1001 3406; x_wconf 88' lang='lat' dir='ltr'>be</span> <span class='ocrx_word' id='word_1_265' title='bbox 1013 3358 1139 3422; x_wconf 87' lang='lat' dir='ltr'>supposed</span> <span class='ocrx_word' id='word_1_266' title='bbox 1151 3365 1178 3406; x_wconf 91' lang='lat' dir='ltr'>to</span> <span class='ocrx_word' id='word_1_267' title='bbox 1189 3355 1254 3406; x_wconf 88' lang='lat' dir='ltr'>reler</span> <span class='ocrx_word' id='word_1_268' title='bbox 1264 3363 1294 3405; x_wconf 87' lang='lat' dir='ltr'>to</span> <span class='ocrx_word' id='word_1_269' title='bbox 1303 3356 1345 3404; x_wconf 88' lang='lat' dir='ltr'>the</span> <span class='ocrx_word' id='word_1_270' title='bbox 1355 3354 1464 3416; x_wconf 76' lang='lat' dir='ltr'>ordinary</span> 
     </span>
     <span class='ocr_line' id='line_1_30' title="bbox 262 3432 1464 3504; baseline -0.013 -6"><span class='ocrx_word' id='word_1_271' title='bbox 262 3441 287 3498; x_wconf 71' lang='lat'>8,</span> <span class='ocrx_word' id='word_1_272' title='bbox 301 3445 368 3488; x_wconf 67' lang='lat' dir='ltr'>n010·</span> <span class='ocrx_word' id='word_1_273' title='bbox 892 3439 1003 3504; x_wconf 87' lang='lat' dir='ltr'>pastoral</span> <span class='ocrx_word' id='word_1_274' title='bbox 1014 3441 1166 3487; x_wconf 83' lang='lat' dir='ltr'>intercourse</span> <span class='ocrx_word' id='word_1_275' title='bbox 1177 3436 1208 3486; x_wconf 85' lang='lat' dir='ltr'>oi</span> <span class='ocrx_word' id='word_1_276' title='bbox 1215 3436 1258 3486; x_wconf 90' lang='lat' dir='ltr'>the</span> <span class='ocrx_word' id='word_1_277' title='bbox 1270 3436 1398 3501; x_wconf 75' lang='lat' dir='ltr'>presbyter</span> <span class='ocrx_word' id='word_1_278' title='bbox 1407 3432 1464 3481; x_wconf 75' lang='lat' dir='ltr'>with</span> 
     </span>
     <span class='ocr_line' id='line_1_31' title="bbox 295 3515 1465 3585; baseline -0.003 -17"><span class='ocrx_word' id='word_1_279' title='bbox 295 3537 318 3584; x_wconf 84' lang='lat'>3.</span> <span class='ocrx_word' id='word_1_280' title='bbox 352 3527 433 3585; x_wconf 80' lang='lat' dir='ltr'>utpote</span> <span class='ocrx_word' id='word_1_281' title='bbox 459 3535 611 3570; x_wconf 80' lang='lat' dir='ltr'>communem</span> <span class='ocrx_word' id='word_1_282' title='bbox 636 3519 746 3584; x_wconf 80' lang='lat' dir='ltr'>patrem]</span> <span class='ocrx_word' id='word_1_283' title='bbox 793 3520 843 3572; x_wconf 89' lang='lat' dir='ltr'>See</span> <span class='ocrx_word' id='word_1_284' title='bbox 893 3521 932 3571; x_wconf 90' lang='lat' dir='ltr'>his</span> <span class='ocrx_word' id='word_1_285' title='bbox 948 3520 1021 3570; x_wconf 86' lang='lat' dir='ltr'>flocir.</span> <span class='ocrx_word' id='word_1_286' title='bbox 1058 3518 1286 3569; x_wconf 86' lang='lat' dir='ltr'>&#39;iheseclusioniu</span> <span class='ocrx_word' id='word_1_287' title='bbox 1303 3516 1385 3567; x_wconf 82' lang='lat' dir='ltr'>which</span> <span class='ocrx_word' id='word_1_288' title='bbox 1399 3515 1465 3565; x_wconf 70' lang='lat' dir='ltr'>aar·</span> 
     </span>
     <span class='ocr_line' id='line_1_32' title="bbox 263 3594 1466 3665; baseline -0.007 -13"><span class='ocrx_word' id='word_1_289' title='bbox 263 3602 419 3660; x_wconf 65' lang='lat' dir='ltr'>Sulcensv.</span> <span class='ocrx_word' id='word_1_290' title='bbox 441 3599 522 3663; x_wconf 83' lang='grc' dir='ltr'>τατὴρ</span> <span class='ocrx_word' id='word_1_291' title='bbox 542 3599 614 3665; x_wconf 78' lang='lat' dir='ltr'>(abl.</span> <span class='ocrx_word' id='word_1_292' title='bbox 648 3600 737 3665; x_wconf 81' lang='lat' dir='ltr'>Chrys.</span> <span class='ocrx_word' id='word_1_293' title='bbox 755 3601 843 3651; x_wconf 90' lang='lat' dir='ltr'>denies</span> <span class='ocrx_word' id='word_1_294' title='bbox 893 3618 938 3651; x_wconf 87' lang='lat' dir='ltr'>ern</span> <span class='ocrx_word' id='word_1_295' title='bbox 966 3617 1065 3650; x_wconf 78' lang='lat' dir='ltr'>women</span> <span class='ocrx_word' id='word_1_296' title='bbox 1093 3601 1143 3649; x_wconf 89' lang='lat' dir='ltr'>live</span> <span class='ocrx_word' id='word_1_297' title='bbox 1174 3615 1232 3663; x_wconf 82' lang='lat' dir='ltr'>may</span> <span class='ocrx_word' id='word_1_298' title='bbox 1260 3599 1325 3649; x_wconf 83' lang='lat' dir='ltr'>have</span> <span class='ocrx_word' id='word_1_299' title='bbox 1355 3594 1466 3647; x_wconf 85' lang='lat' dir='ltr'>rendered</span> 
     </span>
     <span class='ocr_line' id='line_1_33' title="bbox 262 3681 1462 3748; baseline -0.005 -15"><span class='ocrx_word' id='word_1_300' title='bbox 262 3683 317 3733; x_wconf 86' lang='lat' dir='ltr'>that</span> <span class='ocrx_word' id='word_1_301' title='bbox 335 3683 378 3733; x_wconf 86' lang='lat' dir='ltr'>the</span> <span class='ocrx_word' id='word_1_302' title='bbox 396 3683 447 3748; x_wconf 83' lang='lat' dir='ltr'>Ap.</span> <span class='ocrx_word' id='word_1_303' title='bbox 465 3684 541 3733; x_wconf 78' lang='lat' dir='ltr'>refers</span> <span class='ocrx_word' id='word_1_304' title='bbox 558 3691 585 3733; x_wconf 91' lang='lat' dir='ltr'>to</span> <span class='ocrx_word' id='word_1_305' title='bbox 600 3683 643 3732; x_wconf 91' lang='lat' dir='ltr'>the</span> <span class='ocrx_word' id='word_1_306' title='bbox 658 3682 748 3732; x_wconf 86' lang='lat' dir='ltr'>official</span> <span class='ocrx_word' id='word_1_307' title='bbox 769 3700 842 3741; x_wconf 72' lang='grc' dir='ltr'>τρεο·</span> <span class='ocrx_word' id='word_1_308' title='bbox 894 3683 944 3733; x_wconf 91' lang='lat' dir='ltr'>this</span> <span class='ocrx_word' id='word_1_309' title='bbox 959 3684 1111 3733; x_wconf 83' lang='lat' dir='ltr'>intercourse</span> <span class='ocrx_word' id='word_1_310' title='bbox 1133 3681 1270 3746; x_wconf 82' lang='lat' dir='ltr'>peculiarly</span> <span class='ocrx_word' id='word_1_311' title='bbox 1289 3696 1358 3745; x_wconf 87' lang='lat' dir='ltr'>open</span> <span class='ocrx_word' id='word_1_312' title='bbox 1374 3689 1399 3727; x_wconf 91' lang='lat' dir='ltr'>to</span> <span class='ocrx_word' id='word_1_313' title='bbox 1415 3692 1462 3726; x_wconf 74' lang='lat' dir='ltr'>sru-</span> 
     </span>
     <span class='ocr_line' id='line_1_34' title="bbox 261 3759 1465 3831; baseline -0.006 -17"><span class='ocrx_word' id='word_1_314' title='bbox 261 3763 441 3829; x_wconf 56' lang='lat' dir='ltr'>atramenta·</span> <span class='ocrx_word' id='word_1_315' title='bbox 460 3767 510 3828; x_wconf 76' lang='grc' dir='ltr'>γὰρ</span> <span class='ocrx_word' id='word_1_316' title='bbox 527 3762 631 3814; x_wconf 73' lang='grc' dir='ltr'>ἐνταῦθα</span> <span class='ocrx_word' id='word_1_317' title='bbox 649 3767 723 3825; x_wconf 77' lang='grc' dir='ltr'>φησὶν</span> <span class='ocrx_word' id='word_1_318' title='bbox 743 3762 798 3827; x_wconf 78' lang='grc' dir='ltr'>οὐχὶ</span> <span class='ocrx_word' id='word_1_319' title='bbox 815 3759 843 3813; x_wconf 73' lang='grc' dir='ltr'>τὸ</span> <span class='ocrx_word' id='word_1_320' title='bbox 894 3765 995 3831; x_wconf 89' lang='lat' dir='ltr'>picion;</span> <span class='ocrx_word' id='word_1_321' title='bbox 1019 3765 1064 3814; x_wconf 90' lang='lat' dir='ltr'>but</span> <span class='ocrx_word' id='word_1_322' title='bbox 1080 3763 1103 3814; x_wconf 85' lang='lat' dir='ltr'>if</span> <span class='ocrx_word' id='word_1_323' title='bbox 1121 3779 1160 3813; x_wconf 84' lang='lat' dir='ltr'>we</span> <span class='ocrx_word' id='word_1_324' title='bbox 1178 3778 1237 3826; x_wconf 81' lang='lat' dir='ltr'>may</span> <span class='ocrx_word' id='word_1_325' title='bbox 1252 3762 1350 3812; x_wconf 80' lang='lat' dir='ltr'>believe</span> <span class='ocrx_word' id='word_1_326' title='bbox 1362 3762 1465 3826; x_wconf 88' lang='lat' dir='ltr'>Jerome‚</span> 
     </span>
     <span class='ocr_line' id='line_1_35' title="bbox 263 3843 1465 3908; baseline -0.005 -14"><span class='ocrx_word' id='word_1_327' title='bbox 263 3848 364 3907; x_wconf 67' lang='grc' dir='ltr'>ἀξίωμα,</span> <span class='ocrx_word' id='word_1_328' title='bbox 377 3844 442 3894; x_wconf 71' lang='grc' dir='ltr'>ἀλλὰ</span> <span class='ocrx_word' id='word_1_329' title='bbox 452 3847 496 3905; x_wconf 77' lang='grc' dir='ltr'>τὴν</span> <span class='ocrx_word' id='word_1_330' title='bbox 508 3844 621 3908; x_wconf 71' lang='grc' dir='ltr'>ἠλικίαν),</span> <span class='ocrx_word' id='word_1_331' title='bbox 635 3847 685 3895; x_wconf 86' lang='lat' dir='ltr'>and</span> <span class='ocrx_word' id='word_1_332' title='bbox 702 3845 729 3895; x_wconf 91' lang='lat' dir='ltr'>in</span> <span class='ocrx_word' id='word_1_333' title='bbox 748 3846 798 3896; x_wconf 85' lang='lat' dir='ltr'>this</span> <span class='ocrx_word' id='word_1_334' title='bbox 810 3845 842 3896; x_wconf 87' lang='lat' dir='ltr'>he</span> <span class='ocrx_word' id='word_1_335' title='bbox 894 3847 965 3897; x_wconf 87' lang='lat' dir='ltr'>there</span> <span class='ocrx_word' id='word_1_336' title='bbox 976 3861 1027 3895; x_wconf 80' lang='lat' dir='ltr'>was</span> <span class='ocrx_word' id='word_1_337' title='bbox 1042 3844 1185 3896; x_wconf 86' lang='lat' dir='ltr'>sometimes</span> <span class='ocrx_word' id='word_1_338' title='bbox 1192 3843 1245 3907; x_wconf 86' lang='lat' dir='ltr'>just</span> <span class='ocrx_word' id='word_1_339' title='bbox 1264 3859 1339 3893; x_wconf 85' lang='lat' dir='ltr'>cause</span> <span class='ocrx_word' id='word_1_340' title='bbox 1355 3843 1391 3891; x_wconf 85' lang='lat' dir='ltr'>ior</span> <span class='ocrx_word' id='word_1_341' title='bbox 1404 3854 1465 3890; x_wconf 77' lang='lat' dir='ltr'>com</span> 
     </span>
     <span class='ocr_line' id='line_1_36' title="bbox 263 3920 1467 3994; baseline -0.008 -14"><span class='ocrx_word' id='word_1_342' title='bbox 263 3932 284 3982; x_wconf 88' lang='lat' dir='ltr'>is</span> <span class='ocrx_word' id='word_1_343' title='bbox 296 3931 412 3982; x_wconf 78' lang='lat' dir='ltr'>followed</span> <span class='ocrx_word' id='word_1_344' title='bbox 423 3931 457 3993; x_wconf 83' lang='lat' dir='ltr'>by</span> <span class='ocrx_word' id='word_1_345' title='bbox 469 3929 531 3979; x_wconf 85' lang='lat' dir='ltr'>Oec·</span> <span class='ocrx_word' id='word_1_346' title='bbox 543 3929 593 3978; x_wconf 81' lang='lat' dir='ltr'>and</span> <span class='ocrx_word' id='word_1_347' title='bbox 605 3928 702 3993; x_wconf 88' lang='lat' dir='ltr'>Thpht.</span> <span class='ocrx_word' id='word_1_348' title='bbox 895 3928 975 3994; x_wconf 88' lang='lat' dir='ltr'>plaint</span> <span class='ocrx_word' id='word_1_349' title='bbox 984 3926 1029 3990; x_wconf 81' lang='lat' dir='ltr'>(ep.</span> <span class='ocrx_word' id='word_1_350' title='bbox 1044 3941 1089 3976; x_wconf 75' lang='lat' dir='ltr'>aa:</span> <span class='ocrx_word' id='word_1_351' title='bbox 1109 3924 1307 3975; x_wconf 84' lang='lat' dir='ltr'>“suntalii...de</span> <span class='ocrx_word' id='word_1_352' title='bbox 1318 3923 1368 3973; x_wconf 87' lang='lat' dir='ltr'>mei</span> <span class='ocrx_word' id='word_1_353' title='bbox 1378 3920 1467 3970; x_wconf 77' lang='lat' dir='ltr'>ordinis</span> 
     </span>
     <span class='ocr_line' id='line_1_37' title="bbox 297 4005 1467 4075; baseline -0.006 -15"><span class='ocrx_word' id='word_1_354' title='bbox 297 4026 320 4075; x_wconf 80' lang='lat'>5.</span> <span class='ocrx_word' id='word_1_355' title='bbox 355 4011 468 4060; x_wconf 81' lang='lat' dir='ltr'>mulieres</span> <span class='ocrx_word' id='word_1_356' title='bbox 478 4010 671 4075; x_wconf 56' lang='lat' dir='ltr'>cogitaram,</span> <span class='ocrx_word' id='word_1_357' title='bbox 691 4011 748 4072; x_wconf 75' lang='lat' dir='ltr'>dre]</span> <span class='ocrx_word' id='word_1_358' title='bbox 788 4011 845 4061; x_wconf 67' lang='grc' dir='ltr'>Τὴα</span> <span class='ocrx_word' id='word_1_359' title='bbox 895 4009 1039 4060; x_wconf 91' lang='lat' dir='ltr'>hominibus</span> <span class='ocrx_word' id='word_1_360' title='bbox 1055 4006 1220 4074; x_wconf 87' lang='lat' dir='ltr'>loquor-qui</span> <span class='ocrx_word' id='word_1_361' title='bbox 1239 4006 1297 4056; x_wconf 92' lang='lat' dir='ltr'>ideo</span> <span class='ocrx_word' id='word_1_362' title='bbox 1318 4005 1467 4071; x_wconf 79' lang='lat' dir='ltr'>presbytera·</span> 
     </span>
     <span class='ocr_line' id='line_1_38' title="bbox 264 4074 1467 4157; baseline -0.007 -14"><span class='ocrx_word' id='word_1_363' title='bbox 264 4092 335 4143; x_wconf 87' lang='lat' dir='ltr'>office</span> <span class='ocrx_word' id='word_1_364' title='bbox 351 4090 381 4141; x_wconf 83' lang='lat' dir='ltr'>ol</span> <span class='ocrx_word' id='word_1_365' title='bbox 393 4090 559 4157; x_wconf 84' lang='lat' dir='ltr'>penitentiary</span> <span class='ocrx_word' id='word_1_366' title='bbox 576 4089 653 4156; x_wconf 89' lang='lat' dir='ltr'>priest</span> <span class='ocrx_word' id='word_1_367' title='bbox 669 4091 763 4156; x_wconf 80' lang='lat' dir='ltr'>haring</span> <span class='ocrx_word' id='word_1_368' title='bbox 778 4092 843 4141; x_wconf 90' lang='lat' dir='ltr'>been</span> <span class='ocrx_word' id='word_1_369' title='bbox 894 4099 948 4142; x_wconf 90' lang='lat' dir='ltr'>tum</span> <span class='ocrx_word' id='word_1_370' title='bbox 964 4100 990 4141; x_wconf 88' lang='lat' dir='ltr'>et</span> <span class='ocrx_word' id='word_1_371' title='bbox 1001 4092 1162 4140; x_wconf 85' lang='lat' dir='ltr'>diaconatum</span> <span class='ocrx_word' id='word_1_372' title='bbox 1173 4087 1296 4149; x_wconf 83' lang='lat' dir='ltr'>ambiunt,</span> <span class='ocrx_word' id='word_1_373' title='bbox 1312 4095 1342 4138; x_wconf 89' lang='lat' dir='ltr'>ut</span> <span class='ocrx_word' id='word_1_374' title='bbox 1357 4074 1467 4137; x_wconf 76' lang='lat' dir='ltr'>mulieres</span> 
     </span>
     <span class='ocr_line' id='line_1_39' title="bbox 263 4169 1165 4236; baseline -0.004 -12"><span class='ocrx_word' id='word_1_375' title='bbox 263 4173 373 4236; x_wconf 83' lang='lat' dir='ltr'>recently</span> <span class='ocrx_word' id='word_1_376' title='bbox 384 4171 523 4231; x_wconf 86' lang='lat' dir='ltr'>abolished,</span> <span class='ocrx_word' id='word_1_377' title='bbox 538 4181 581 4221; x_wconf 92' lang='lat' dir='ltr'>not</span> <span class='ocrx_word' id='word_1_378' title='bbox 589 4173 648 4235; x_wconf 84' lang='lat' dir='ltr'>only</span> <span class='ocrx_word' id='word_1_379' title='bbox 659 4180 685 4222; x_wconf 85' lang='lat' dir='ltr'>at</span> <span class='ocrx_word' id='word_1_380' title='bbox 697 4171 842 4222; x_wconf 87' lang='lat' dir='ltr'>Constanti·</span> <span class='ocrx_word' id='word_1_381' title='bbox 895 4173 1010 4224; x_wconf 89' lang='lat' dir='ltr'>licentius</span> <span class='ocrx_word' id='word_1_382' title='bbox 1022 4171 1124 4221; x_wconf 88' lang='lat' dir='ltr'>uideant</span> <span class='ocrx_word' id='word_1_383' title='bbox 1131 4169 1165 4234; x_wconf 81' lang='lat'><strong>¹¹).</strong></span> 
     </span>
     <span class='ocr_line' id='line_1_40' title="bbox 264 4247 1468 4321; baseline -0.007 -16"><span class='ocrx_word' id='word_1_384' title='bbox 264 4256 346 4321; x_wconf 88' lang='lat' dir='ltr'>nople,</span> <span class='ocrx_word' id='word_1_385' title='bbox 360 4255 407 4304; x_wconf 93' lang='lat' dir='ltr'>but</span> <span class='ocrx_word' id='word_1_386' title='bbox 416 4252 544 4319; x_wconf 82' lang='lat' dir='ltr'>generally</span> <span class='ocrx_word' id='word_1_387' title='bbox 555 4254 707 4319; x_wconf 88' lang='lat' dir='ltr'>throughout</span> <span class='ocrx_word' id='word_1_388' title='bbox 719 4255 762 4304; x_wconf 91' lang='lat' dir='ltr'>the</span> <span class='ocrx_word' id='word_1_389' title='bbox 779 4255 842 4304; x_wconf 88' lang='lat' dir='ltr'>East</span> <span class='ocrx_word' id='word_1_390' title='bbox 929 4270 967 4305; x_wconf 88' lang='lat' dir='ltr'>ro.</span> <span class='ocrx_word' id='word_1_391' title='bbox 995 4252 1125 4319; x_wconf 53' lang='lat' dir='ltr'>prosperet</span> <span class='ocrx_word' id='word_1_392' title='bbox 1150 4266 1210 4314; x_wconf 78' lang='lat' dir='ltr'>ergo,</span> <span class='ocrx_word' id='word_1_393' title='bbox 1242 4249 1300 4311; x_wconf 74' lang='lat' dir='ltr'>dte]</span> <span class='ocrx_word' id='word_1_394' title='bbox 1334 4249 1389 4300; x_wconf 84' lang='lat' dir='ltr'>The</span> <span class='ocrx_word' id='word_1_395' title='bbox 1415 4247 1468 4296; x_wconf 82' lang='lat' dir='ltr'>sub·</span> 
     </span>
     <span class='ocr_line' id='line_1_41' title="bbox 265 4329 1469 4399; baseline -0.007 -12"><span class='ocrx_word' id='word_1_396' title='bbox 265 4336 345 4397; x_wconf 84' lang='lat' dir='ltr'>(Soet.</span> <span class='ocrx_word' id='word_1_397' title='bbox 365 4347 391 4384; x_wconf 75' lang='lat' dir='ltr'>v·</span> <span class='ocrx_word' id='word_1_398' title='bbox 413 4350 452 4399; x_wconf 82' lang='lat'>19,</span> <span class='ocrx_word' id='word_1_399' title='bbox 475 4337 497 4383; x_wconf 85' lang='lat' dir='ltr'>ol</span> <span class='ocrx_word' id='word_1_400' title='bbox 520 4337 546 4384; x_wconf 74' lang='grc' dir='ltr'>δὲ</span> <span class='ocrx_word' id='word_1_401' title='bbox 568 4331 609 4383; x_wconf 80' lang='grc' dir='ltr'>νῦν</span> <span class='ocrx_word' id='word_1_402' title='bbox 632 4332 681 4383; x_wconf 74' lang='grc' dir='ltr'>τῶν</span> <span class='ocrx_word' id='word_1_403' title='bbox 704 4336 839 4392; x_wconf 75' lang='grc' dir='ltr'>ἐκκλησιῶν</span> <span class='ocrx_word' id='word_1_404' title='bbox 892 4343 976 4385; x_wconf 87' lang='lat' dir='ltr'>stance</span> <span class='ocrx_word' id='word_1_405' title='bbox 990 4335 1020 4384; x_wconf 88' lang='lat' dir='ltr'>of</span> <span class='ocrx_word' id='word_1_406' title='bbox 1027 4333 1077 4383; x_wconf 87' lang='lat' dir='ltr'>this</span> <span class='ocrx_word' id='word_1_407' title='bbox 1088 4331 1228 4398; x_wconf 75' lang='lat' dir='ltr'>paragraph</span> <span class='ocrx_word' id='word_1_408' title='bbox 1240 4330 1262 4380; x_wconf 83' lang='lat' dir='ltr'>is</span> <span class='ocrx_word' id='word_1_409' title='bbox 1272 4332 1349 4396; x_wconf 79' lang='lat' dir='ltr'>given</span> <span class='ocrx_word' id='word_1_410' title='bbox 1359 4330 1394 4394; x_wconf 79' lang='lat' dir='ltr'>by</span> <span class='ocrx_word' id='word_1_411' title='bbox 1406 4329 1469 4378; x_wconf 76' lang='lat' dir='ltr'>Lan·</span> 
     </span>
     <span class='ocr_line' id='line_1_42' title="bbox 265 4414 1127 4478; baseline -0.005 -12"><span class='ocrx_word' id='word_1_412' title='bbox 265 4414 407 4478; x_wconf 70' lang='grc' dir='ltr'>κρατοῦντες</span> <span class='ocrx_word' id='word_1_413' title='bbox 431 4419 475 4466; x_wconf 73' lang='grc' dir='ltr'>ἔας</span> <span class='ocrx_word' id='word_1_414' title='bbox 501 4414 595 4466; x_wconf 70' lang='grc' dir='ltr'>πολλοῦ</span> <span class='ocrx_word' id='word_1_415' title='bbox 621 4419 773 4478; x_wconf 72' lang='grc' dir='ltr'>φυλάξαντες</span> <span class='ocrx_word' id='word_1_416' title='bbox 799 4418 841 4466; x_wconf 70' lang='grc' dir='ltr'>ἐπὶ</span> <span class='ocrx_word' id='word_1_417' title='bbox 891 4417 976 4477; x_wconf 77' lang='lat' dir='ltr'>iranc3</span> <span class='ocrx_word' id='word_1_418' title='bbox 993 4414 1127 4466; x_wconf 68' lang='lat' dir='ltr'>seeunll.</span> 
     </span>
     <span class='ocr_line' id='line_1_43' title="bbox 264 4493 841 4562; baseline 0.007 -17"><span class='ocrx_word' id='word_1_419' title='bbox 264 4497 399 4557; x_wconf 72' lang='grc' dir='ltr'>Νεκταρίου</span> <span class='ocrx_word' id='word_1_420' title='bbox 420 4494 463 4545; x_wconf 78' lang='grc' dir='ltr'>τοῦ</span> <span class='ocrx_word' id='word_1_421' title='bbox 480 4493 616 4547; x_wconf 69' lang='grc' dir='ltr'>ἐπισκόπου</span> <span class='ocrx_word' id='word_1_422' title='bbox 638 4500 704 4559; x_wconf 77' lang='lat' dir='ltr'>[nm.</span> <span class='ocrx_word' id='word_1_423' title='bbox 726 4498 785 4562; x_wconf 79' lang='lat'>391]</span> <span class='ocrx_word' id='word_1_424' title='bbox 801 4516 841 4557; x_wconf 75' lang='grc' dir='ltr'>με·</span> 
     </span>
    </p>
   </div>
   <div class='ocr_carea' id='block_1_7' title="bbox 0 0 1588 5100">
    <p class='ocr_par' dir='ltr' id='par_1_9' title="bbox 0 0 1588 5100">
     <span class='ocr_line' id='line_1_44' title="bbox 0 0 1588 5100; baseline 0 0"><span class='ocrx_word' id='word_1_425' title='bbox 0 0 1588 5100; x_wconf 95' lang='lat' dir='ltr'> </span> 
     </span>
    </p>
   </div>
  </div>
 </body>
</html>
