3142 5100
251 374 314 441 320
733 374 925 427 Auernum
948 376 982 427 n

304 564 341 605 ex
354 544 401 606 his
416 543 503 606 infert
517 545 602 623 quod
615 564 739 607 necesse
753 558 800 606 est
809 557 841 608 et
855 546 914 608 hoc
927 547 1011 624 quod
1024 547 1055 608 in
1070 545 1183 608 ultimis
1196 557 1245 609 est
1258 558 1332 608 ante
1346 546 1472 608 saeerrla

245 664 318 720 esse,
342 656 372 705 et
393 656 513 706 accusat
532 664 586 706 eos
606 645 658 723 qui
683 664 745 706 non
770 645 873 706 omnia
895 645 1028 707 similiter
1048 666 1118 707 cum
1143 645 1328 708 obuersione
1350 646 1468 720 dicunt,

244 746 329 824 quasi
350 745 382 806 hi
402 747 454 822 qui
475 766 569 808 unum
590 766 655 807 esse
678 746 784 806 Filium
807 748 988 807 confitentur
1008 747 1218 809 necessitatem
1240 750 1374 809 habeant
1394 768 1468 807 omn

244 844 422 906 obuersione
436 834 539 905 omnia
555 844 662 907 dicere.
707 856 737 906 et
758 843 825 922 quis
847 864 909 905 non
930 845 1080 906 beatificet
1101 858 1232 906 uestram
1253 845 1468 908 dementiam?
1555 832 1556 853 ¹

213 942 311 1022 squis
335 953 436 1003 autem
461 962 523 1003 non
546 954 632 1020 optet
656 944 730 1002 tales
754 942 915 1020 impetrare
939 945 1088 1018 doctores,
1111 954 1229 1003 tantam
1250 943 1466 1004 confusionem
1555 1010 1556 1039 r

242 1041 350 1102 rationi
374 1040 494 1119 pietatis
519 1041 742 1103 introducentes
766 1052 801 1101 ut
825 1042 960 1103 dicerent
985 1043 1044 1102 hoc
1066 1043 1149 1119 quod
1174 1054 1246 1103 ante
1270 1044 1394 1102 saecula
1415 1054 1466 1103 est
1555 1042 1556 1053 ¹

242 1139 353 1199 tactum
369 1158 434 1199 esse
448 1137 479 1198 in
494 1137 613 1213 ultimis,
632 1150 662 1200 et
674 1139 734 1199 hoc
749 1138 912 1199 alienarent
928 1159 983 1199 sua
999 1150 1105 1199 natura
1118 1151 1149 1199 et
1162 1140 1203 1200 ad
1217 1138 1352 1200 deterius
1365 1138 1464 1199 dedu·

242 1247 352 1308 cerem,
368 1234 478 1297 deinde
492 1238 683 1296 obuerterent
696 1237 779 1314 quod
794 1247 825 1297 et
838 1237 897 1297 hoc
911 1239 996 1314 quod
1011 1235 1100 1298 estin
1122 1237 1234 1297 ultimis
1250 1250 1322 1297 ante
1341 1237 1466 1297 saecula

243 1343 306 1407 est;
326 1353 396 1394 cum
410 1346 560 1412 oporteret
574 1335 649 1395 forte
669 1335 767 1396 dicere
786 1335 858 1412 quia
876 1335 961 1413 quod
978 1346 1050 1396 ante
1068 1337 1188 1396 saecula
1206 1347 1269 1396 erat
1290 1333 1465 1414 adsumpsit

194 1449 230 1489 ro
243 1431 324 1490 huuc
338 1431 388 1508 qui
403 1428 432 1490 in
447 1430 559 1492 ultimis
574 1444 636 1492 erat
650 1432 818 1492 secundum
833 1433 914 1493 beati
930 1434 1055 1494 Paulum
1070 1432 1211 1494 uocem*.

284 1544 387 1606 οῦκοῦν
403 1549 462 1609 τοῖς
479 1543 624 1624 ῦμετέροις
638 1543 769 1623 ἑπόμενοι
784 1545 826 1606 νό-
917 1560 1029 1609 uestras
1044 1547 1131 1625 igitur
1143 1550 1225 1625 leges
1243 1558 1417 1625 sequelam,
1430 1560 1465 1611 et

242 1668 308 1720 μοις
326 1642 374 1702 καὶ
390 1641 443 1719 τὴν
458 1641 515 1701 dud
533 1645 584 1718 τῆς
599 1646 654 1719 σῆς
674 1640 827 1725 α’γχινοίας
875 1664 894 1704 a
913 1657 964 1705 tua
977 1643 1124 1722 sapientia
1141 1645 1334 1705 constitutam
1353 1646 1463 1709 obuer-

243 1738 483 1818 νομοθετουμέιγν
493 1737 699 1818 α’ντιατροφήν,
709 1744 827 1818 μᾶλλον
876 1741 1001 1815 sionem,
1013 1742 1106 1804 immo
1116 1743 1211 1821 magis
1222 1744 1463 1820 subuersionem,
1555 1796 1556 1821 ,

242 1837 274 1898 δὲ
292 1835 505 1916 καταστροφήν,
526 1837 681 1916 δεξάμενοι,
701 1836 826 1917 φέρεδῆ
874 1859 931 1917 age
950 1838 1053 1900 omnia
1073 1838 1162 1900 simul
1182 1841 1416 1915 confundamus,
1432 1854 1464 1903 et
1555 1868 1556 1871 ¹

193 1953 227 2013 15
243 1934 337 1996 πάντα
354 1938 392 2000 εἷς
409 1934 497 1996 αῦτῦν
514 1936 691 2018 σνγχέωμεν,
713 1937 760 1996 καὶ
774 1962 826 2015 μορ
875 1940 958 1999 nulla
985 1939 1045 1999 iam
1072 1938 1111 1999 sit
1141 1937 1282 1999 diseretio
1313 1957 1372 1999 nec
1399 1939 1463 2000 Dei

243 2032 325 2111 δεμίοι
339 2032 443 2094 λοιπὸν
456 2034 529 2093 ἔστω
541 2031 690 2112 διάκρισις,
703 2032 744 2111 μή
760 2034 826 2095 θεοῦ
874 2038 988 2098 formae
1002 2057 1059 2097 nec
1073 2035 1150 2097 serui
1169 2038 1292 2111 somnae,
1307 2055 1366 2098 nec
1382 2046 1462 2098 tem-
1554 2024 1556 2033 Α

241 2134 364 2209 μορφῆς,
378 2131 419 2209 μή
437 2129 540 2192 δούλου
552 2134 677 2209 μορφῆς·
696 2130 738 2208 μή
757 2133 826 2191 ναοῦ
874 2133 917 2211 pli
936 2131 1047 2212 sumpti
1064 2153 1122 2194 uec
1140 2134 1204 2194 eius
1223 2132 1274 2211 qui
1293 2132 1324 2193 in
1344 2135 1462 2212 templo

242 2225 467 2303 ληφθέντος,μῆ
486 2229 536 2288 τοῦ
552 2229 726 2289 ένοικοῢντος
740 2229 770 2286 έν
786 2228 825 2305 τῷ
874 2228 1029 2302 habitauit,
1049 2249 1106 2290 nec
1124 2229 1188 2291 eius
1207 2229 1259 2307 qui
1276 2232 1392 2292 solutus
1415 2244 1461 2292 ost

242 2328 307 2404 ναῷ·
326 2324 367 2403 μή
388 2328 439 2385 τοῦ
459 2326 602 2397 λνθέντος,
622 2322 663 2402 μή
682 2327 734 2384 τοῦ
756 2325 824 2407 έγεί-
875 2347 932 2389 nec
956 2328 1020 2389 eius
1044 2327 1096 2405 qui
1121 2327 1285 2401 suscitauit,
1310 2348 1369 2390 nec
1392 2330 1460 2390 eius
1555 2382 1556 2407 p

189 2449 227 2489 ao
240 2446 352 2502 ραντος·
371 2423 413 2501 μή
433 2427 484 2485 τοῦ
504 2424 702 2488 τελειωθέντας
722 2427 753 2482 έν
771 2421 825 2481 ποῖ-
874 2426 926 2505 qui
958 2428 1106 2504 perfectus
1134 2425 1238 2488 estin
1264 2426 1460 2504 passionibus
1555 2484 1556 2509 p

242 2524 331 2595 θεσιν,
350 2521 391 2601 μή
408 2525 459 2584 τοῦ
476 2521 693 2586 τελειώσαντος·
711 2522 753 2601 μή
773 2525 825 2585 τοῦ
873 2542 932 2586 nec
945 2525 1009 2586 eius
1027 2524 1079 2603 qui
1098 2525 1230 2603 perfecit,
1245 2545 1303 2587 nec
1320 2524 1386 2587 eius
1404 2527 1461 2602 qui

239 2620 488 2698 μνημονευθέντος,
518 2619 560 2697 μή
591 2623 642 2680 τοῦ
669 2644 824 2696 μιτρμονευ-
874 2622 1050 2684 memoriam
1077 2622 1199 2683 meritus
1227 2634 1273 2684 est
1300 2642 1359 2683 nec
1391 2622 1459 2684 eius
1555 2657 1556 2680 ι

240 2717 354 2783 odoros·
384 2717 426 2797 μή
449 2722 501 2779 τοῦ
524 2718 757 2796 έτισκεφθέντος,
781 2717 823 2797 μή
873 2721 925 2798 qui
938 2740 1053 2782 memor
1069 2722 1166 2782 factus
1184 2733 1238 2796 est,
1252 2740 1309 2782 nec
1324 2721 1390 2783 eius
1404 2723 1458 2801 qui
1555 2753 1556 2796 ι

238 2819 291 2876 τοῦ
304 2820 542 2896 έπισκεψαμένου·
561 2815 602 2895 μή
615 2818 666 2878 τοῦ
678 2814 779 2897 βραχύ
795 2843 823 2877 τι
872 2817 1008 2878 uisitatus
1026 2830 1071 2879 est
1088 2837 1146 2878 nec
1164 2817 1227 2879 eius
1244 2818 1297 2895 qui
1313 2817 1458 2890 uisitauit,
1555 2829 1556 2832 ’

188 2942 203 2981 α
209 2939 224 2999 5
239 2914 307 2994 παρ’
327 2914 469 2998 ἀγγέλους
487 2915 697 2995 ἠλαττωμένον,
714 2916 755 2993 μή
771 2923 823 2976 τοῦ
872 2935 930 2976 nec
943 2915 1007 2976 eius
1021 2916 1073 2993 qui
1090 2917 1182 2993 paulo
1201 2915 1301 2977 minus
1313 2919 1353 2979 ab
1366 2937 1459 2996 ange
1555 2923 1556 2976 l

240 3013 463 3079 έλαττιέσαντος·
482 3012 522 3093 μή
536 3018 588 3074 τοῦ
604 3013 672 3093 tta„
690 3014 737 3073 καὶ
753 3017 824 3093 τιμῇ
871 3010 908 3071 lis
926 3011 1092 3072 minoratus
1110 3024 1155 3072 est
1173 3032 1231 3073 nec
1248 3012 1313 3074 eius
1332 3014 1384 3091 qui
1404 3017 1458 3075 mi·
1554 3019 1556 3028 ⁴

240 3114 480 3191 ἐστεφανωμένων
494 3112 535 3191 μθ
553 3115 604 3173 τοῦ
621 3109 823 3189 στεφανόσαν·
871 3110 997 3184 notauit,
1012 3130 1069 3171 nec
1082 3109 1147 3171 eius
1167 3110 1219 3188 qui
1238 3111 1333 3189 gloria
1352 3124 1383 3172 et
1404 3114 1459 3173 ho
1555 3113 1556 3190 ζ

239 3232 298 3275 τος·
317 3210 358 3289 μὴ
372 3214 423 3272 τοῦ
437 3209 630 3272 καταστάντος
643 3206 739 3268 tried
754 3209 823 3290 ἔργα
872 3227 945 3270 nore
972 3221 1133 3270 coronatus
1160 3221 1206 3271 est
1232 3230 1290 3272 uec
1317 3210 1381 3273 eius
1403 3214 1459 3291 qui
1555 3229 1556 3284 γ

240 3310 296 3368 τῶν
307 3311 419 3389 χειρῶν,
434 3306 499 3390 [μή]
512 3309 564 3367 τοῦ
577 3304 822 3383 καταστήσαντας·
870 3306 1036 3383 coronauit,
1050 3327 1107 3369 nec
1121 3308 1185 3369 eius
1203 3308 1256 3385 qui
1274 3310 1458 3373 constitutus
1555 3301 1556 3364 3

186 3426 226 3482 30
239 3403 280 3482 μή
301 3410 353 3464 τοῦ
375 3404 518 3481 λαβόντος
536 3403 610 3464 nied
631 3408 661 3464 έν
680 3402 821 3487 ι’ντοταγῇ,
871 3415 1020 3482 estsuper
1040 3424 1131 3483 opera
1151 3425 1295 3466 manuum
1316 3407 1378 3467 Dei
1398 3428 1460 3470 nec
1555 3423 1556 3438 ³

239 3501 280 3580 μή
294 3505 344 3563 τοῦ
358 3499 499 3565 δώσοντος
512 3499 732 3583 τὴνθτοταγήν.
870 3501 934 3562 eius
961 3501 1014 3578 qui
1041 3500 1203 3575 constituit,
1225 3520 1284 3562 nec
1310 3501 1374 3564 eius
1403 3507 1458 3583 qui

869 3598 987 3676 accepit
1009 3596 1065 3658 ista
1085 3599 1125 3659 ad
1146 3598 1373 3678 subiectionem,
1398 3622 1458 3666 nec
1555 3607 1556 3672 l

870 3693 933 3758 eius
947 3695 998 3773 qui
1012 3695 1097 3756 dedit
1111 3695 1337 3758 subiectionem.

239 3857 267 3912 4.
311 3835 430 3919 [Justin.
446 3841 495 3899 Lc.
512 3839 556 3920 (έν
569 3836 744 3918 τῷτετάρτῳ
757 3834 836 3919 λόγῳ
850 3840 888 3916 τῷ
902 3836 973 3896 κατὰ
986 3835 1211 3916 Ἀπολιναρίου).
1252 3840 1359 3901 Leoni.
1375 3843 1397 3900 Ι.
1407 3839 1452 3923 a}

299 3955 349 4014 τθν
367 3953 397 4014 δὲ
418 3952 566 4032 ἄνθρωπον
585 3953 651 4031 περὶ
672 3950 705 4012 οῦ
725 3950 815 4013 ταῦτα’
836 3958 927 4028 φησιν
945 3950 962 4010 d
981 3951 1134 4030 προφήτης
1151 3960 1253 4031 σοφοῖς
1274 3953 1291 4014 ὁ
1310 3954 1456 4035 μακάριος
1555 4013 1556 4036 γ

186 4071 223 4131 35
239 4050 324 4128 δηλοῖ
340 4054 458 4113 Παῦλος
475 4050 525 4111 triv
538 4049 593 4110 r‘nrd
612 4056 663 4110 τοῦ
680 4053 851 4132 μονογενοῦς
865 4049 1036 4126 εὺλημμένον
1049 4048 1198 4128 ἄνθρωπον
1212 4050 1290 4112 εἶναι.
1335 4055 1455 4132 εἷρηκοῖς
1554 4065 1556 4110 3

238 4154 294 4236 γὰρ
313 4155 361 4216 ὅτι
380 4154 596 4238 trenaprr'paro
615 4154 650 4215 λε’
670 4152 729 4223 uor'
749 4172 793 4213 ric
817 4152 930 4222 λέΓωΝ·
952 4145 981 4212 ri
1004 4145 1084 4213 terli
1112 4149 1283 4236 sinoponus
1306 4152 1352 4218 ὅτι
1376 4178 1451 4218 uru-
1555 4159 1556 4232 i

241 4256 339 4338 nrlctcp
370 4250 470 4330 οῨτοῨ,
501 4250 522 4318 ri
551 4251 614 4328 ride
643 4252 815 4338 έκθρὼπογ
844 4252 888 4314 ὅτι
918 4250 1085 4337 ἑπιοκὲπτῌ
1115 4252 1229 4327 οἰτόκς
1265 4254 1450 4325 lunone
1554 4255 1556 4264 ⁴

239 4355 333 4428 airdu
366 4360 454 4443 Bpaxr'
478 4381 503 4421 τι
533 4358 601 4443 rrup’
632 4355 786 4432 irre'norc,
813 4357 887 4440 λόΞῌ
912 4352 957 4419 «ai
987 4359 1060 4440 rinei
1090 4355 1313 4435 iereda'rroicac
1343 4362 1451 4440 airriu,

660 4492 701 4539 3ο,
714 4490 744 4539 33
756 4473 954 4524 subleuationem
965 4474 1018 4524 edd

740 4554 754 4580 ¹*
772 4554 883 4617 [Heni
900 4554 935 4615 ²]-
