3142 5100
118 383 219 469 1.17.]
472 397 514 449 uu
539 399 591 451 aa.
614 399 665 452 AD
689 398 921 452 rruoruauu
946 400 967 451 1.
1283 383 1320 446 81

177 569 248 652 regi
268 581 379 634 autem
402 571 601 635 saemlorum
626 573 816 656 incompte,
842 571 1007 636 inuisibili
1034 569 1098 634 soli
1121 569 1197 645 Deo,
1224 568 1326 634 Ιιονιον

114 684 144 736 ct
150 674 259 756 gloria
275 674 310 738 in
326 677 453 739 saecula
468 677 675 742 saeculorum.
719 698 822 742 amen.

176 800 239 864 hoc
250 811 319 864 est:
333 799 369 880 †‘
378 823 439 884 pro
451 803 605 866 omnibus
621 804 717 867 bonis
733 804 826 867 illum
842 802 969 868 laudari
987 804 1110 866 iustum
1121 811 1172 867 est
1184 823 1204 864 a
1216 802 1321 878 nobis,

115 906 167 987 qui
189 914 360 968 tantorum
377 906 474 969 nobis
489 906 652 970 bonorum
669 917 784 971 auctor
800 908 953 970 extitisse
969 906 1117 970 uidetur.’
1151 918 1264 970 tamen
1288 916 1322 969 et

114 1007 245 1089 hymnis
272 1007 401 1072 nullum
433 1031 555 1074 nomen
586 1011 738 1076 absolute
768 1015 887 1095 posuit,
919 1011 977 1075 sed
1009 1009 1157 1093 ‘regem'
1185 1010 1321 1092 quidem
1360 1020 1376 1086 ς

115 1113 359 1177 ‘saeculorum'
386 1115 520 1179 uocauit
548 1116 668 1192 Deum,
700 1128 837 1200 propter
859 1117 1043 1180 futurorum
1069 1115 1319 1191 aeternitatem3

114 1217 429 1300 ‘incorruptibilem'
457 1240 536 1282 uero
565 1222 662 1297 dixit,
694 1231 829 1304 propter
860 1221 951 1284 illam
977 1218 1321 1302 incorruptibilitatem

113 1339 210 1401 quam
227 1323 324 1385 nobis
343 1325 462 1387 adesse
483 1336 702 1408 expectamus
713 1350 721 1406 ;
743 1324 979 1390 ‘inuisibilem’
996 1345 1076 1389 uero
1095 1326 1150 1401 ait,
1168 1345 1208 1387 eo
1229 1322 1320 1406 quod

113 1442 177 1485 non
202 1426 380 1491 uideantur
403 1428 459 1491 illa
481 1428 571 1493 bona
593 1451 679 1514 quae
702 1439 932 1514 expectantur.
980 1450 1059 1511 ergo
1082 1428 1211 1493 abillis
1236 1446 1322 1510 quae

114 1525 186 1589 Deo
212 1530 345 1606 adsunt,
377 1531 432 1594 illa
462 1553 549 1614 quae
578 1534 675 1596 nobis
705 1534 748 1596 ab
778 1555 819 1597 eo
849 1534 991 1597 aderunt
1014 1532 1104 1595 credi
1125 1531 1210 1595 bene
1237 1532 1322 1594 rein·
1340 1544 1380 1591 10

113 1630 288 1708 sinuauit*
305 1635 402 1699 sicuti
418 1645 452 1699 et
471 1636 504 1699 in
520 1639 744 1720 superioribus
760 1638 932 1701 ‘beatum'
948 1657 1024 1701 eum
1041 1637 1129 1700 dixit
1145 1636 1188 1699 ad
1205 1633 1321 1698 confir-

113 1736 295 1800 mationem
310 1738 527 1802 beatitudinis
543 1739 631 1803 illius
647 1762 733 1824 quae
749 1741 847 1804 nobis
860 1742 974 1804 aderit.
1012 1760 1128 1804 uerum
1145 1741 1223 1822 quia
1240 1739 1321 1802 nihil

114 1862 158 1905 ex
180 1840 235 1904 his
256 1843 430 1923 apostolus
452 1843 627 1908 definitum
655 1864 715 1926 pro
738 1864 799 1907 suo
823 1845 935 1927 posuit
958 1843 1102 1920 arbitrio,
1127 1842 1186 1906 sed
1209 1842 1322 1906 omnia

115 1945 212 2024 (sicut
239 1944 272 2006 in
300 1945 571 2029 interpretatione
595 1946 815 2025 ostendimus)
842 1947 1059 2029 congregauit
1082 1946 1241 2009 aduersus
1264 1966 1322 2008 eos

114 2050 168 2133 qui
194 2069 255 2131 pro
281 2049 366 2133 legis
387 2051 538 2115 doctrina
560 2070 770 2133 corrumpere
793 2051 962 2133 dogmatis
985 2050 1221 2114 adnitebantur
1242 2050 1322 2113 sim·
1339 2060 1374 2127 ις

113 2152 315 2235 plicitatem;
337 2155 425 2218 unde
448 2164 482 2218 et
504 2154 634 2237 scripsit
657 2153 711 2230 illi,
735 2162 773 2218 ut
796 2154 1001 2236 praeciperet
1023 2154 1090 2216 suis
1111 2173 1178 2216 non
1199 2151 1321 2216 debere
1367 2220 1369 2223 ,

176 2317 279 2405 ιὑπὲρ
301 2317 460 2385 ἁπάντων
479 2320 600 2386 ε’κεῖνον
617 2318 790 2404 ὑμνεῖσθαι
809 2318 934 2384 δίκαιον
954 2316 1032 2405 παρ’
1047 2316 1148 2400 ἡμῶν,
1163 2315 1220 2381 τὸν
1244 2341 1319 2381 τοσ-

113 2421 215 2487 αὑτων
244 2421 323 2506 ἡμῖν
352 2423 458 2489 αἴτιον
480 2421 641 2507 γεγονότα
670 2420 823 2506 ὥγαθῶν.’
882 2421 938 2487 καὶ
964 2418 1138 2500 ’βασιλέα
1163 2417 1223 2503 μὲν
1244 2421 1322 2484 (τῶν

112 2526 251 2594 atdvov’
274 2527 432 2594 ἐκάλεσεν
457 2526 514 2595 τὸν
541 2525 623 2606 θεόν,
649 2526 705 2594 διὰ
731 2526 768 2594 τὸ
789 2528 854 2593 τῶν
875 2523 1068 2609 μελλόντων
1094 2524 1319 2606 ἀτελεύτητον.

110 2628 306 2716 ’ἄφθαρτον
332 2629 375 2710 δέ,
399 2629 452 2696 διὰ
476 2630 534 2710 τὴν
557 2628 834 2718 προσδοκωμένην
856 2627 1072 2716 περιέσεσθαι
1093 2627 1171 2710 ἡμῖν
1193 2626 1320 2716 α’φθαρ-
1335 2647 1378 2694 20

112 2731 200 2797 σιάν·
223 2730 391 2818 ‘ric'parov’
415 2732 458 2811 δέ,
474 2731 526 2798 διὰ
550 2731 588 2798 τὸ
604 2732 649 2816 μή
671 2732 849 2820 φαίνεσθαι
869 2728 912 2797 τὰ
932 2729 1195 2816 προσδοκώμενα.
1235 2728 1321 2795 ὥστε

112 2834 181 2901 ἀπὸ
210 2840 276 2902 τῶν
305 2840 350 2924 τῷ
381 2837 444 2926 θεῷ
473 2836 668 2924 προσόντων
696 2837 738 2903 τὰ
767 2836 846 2920 ἡμῖν
870 2835 1086 2926 περιεσόμενα
1115 2831 1192 2921 παρ’
1221 2831 1321 2899 αὐτοῦ

111 2939 337 3022 πιστευθῆναι.

164 3101 174 3134 r
193 3084 329 3136 immortali
341 3084 399 3148 (sor
415 3084 567 3152 incormpto)
580 3104 597 3135 ν
715 3086 848 3149 glandaria
868 3088 891 3137 C
895 3087 928 3137 H
932 3104 938 3136 :
959 3091 999 3136 txt
1008 3099 1047 3149 rg
1159 3096 1172 3144 5
1187 3081 1294 3144 hymnus
1306 3096 1322 3128 r

115 3179 144 3214 ιο
160 3171 246 3214 assum
257 3166 291 3215 H
322 3166 404 3216 adsint
414 3183 430 3215 r
519 3178 547 3230 17
565 3166 643 3218 Coisl.
658 3182 712 3230 204,
728 3168 744 3219 l.
760 3183 803 3233 191
817 3167 898 3232 a[Cr.
910 3168 953 3218 vii.
968 3168 1008 3230 ¹3]
1025 3164 1101 3215 ἄλλος
1113 3164 1138 3214 δέ
1150 3170 1233 3226 φησιν·
1252 3162 1318 3224 ὑπέρ,

111 3248 189 3295 κ.τ.λ.

143 3374 166 3423 5,
203 3362 307 3425 hymnis
333 3363 434 3412 nullum
462 3380 550 3414 nomen
575 3365 691 3428 absolute]
741 3363 777 3427 τῷ
793 3364 856 3429 ἁγίῳ
874 3364 994 3426 πνεύματι
1014 3363 1046 3416 τὰ
1064 3366 1176 3428 εἰρημένα
1194 3362 1317 3427 προσήκει.

113 3441 213 3505 ‘Every
236 3442 292 3492 title
319 3442 346 3491 in
367 3442 418 3493 this
439 3444 565 3509 doxology
588 3445 633 3495 has
658 3447 691 3496 its
713 3470 716 3474 *
742 3449 814 3498 With
826 3449 898 3498 Th.'s
914 3464 1004 3498 comm.
1019 3463 1137 3511 compare
1154 3447 1193 3496 his
1210 3445 1321 3496 remarks

109 3524 206 3587 special
241 3524 349 3587 fitness;
381 3529 483 3590 βασιλεῖ
511 3531 560 3578 τῶν
588 3530 687 3589 αἰώνων,
741 3546 810 3595 upon
830 3531 873 3581 the
892 3530 988 3580 similar
1009 3546 1115 3595 passage
1137 3529 1163 3578 in
1186 3545 1208 3578 c.
1226 3530 1259 3578 vi.
1281 3545 1317 3591 15,

109 3605 238 3666 ἀφθάρτῳ,
254 3607 356 3667 ἀοράτῳ,
369 3609 430 3657 each
452 3608 473 3658 is
488 3608 648 3674 appropriate
664 3617 691 3657 to
745 3610 782 3661 16.

108 3688 153 3738 the
165 3688 399 3751 sabjectinhand.'
433 3690 687 3755 Chinsra,l.12sq.
778 3709 815 3743 ιο.
860 3694 927 3743 credi
939 3693 996 3743 bene
1013 3692 1193 3754 rer'nsinuauit]
1213 3693 1268 3756 ‘By
1284 3707 1321 3742 re·

16 3788 17 3791 ¹
110 3770 230 3834 Pelagius
257 3770 303 3818 has
330 3771 422 3835 caught
450 3772 492 3822 the
525 3789 594 3823 same
621 3773 689 3821 idea:
742 3772 864 3835 counting
882 3772 925 3820 the
938 3770 1070 3820 attributes
1082 3770 1111 3818 os
1123 3770 1189 3829 God‚
1211 3770 1253 3819 the
1269 3770 1320 3834 Ap.

111 3851 184 3899 “rex
196 3850 263 3899 enim
276 3852 349 3914 parui
364 3855 482 3916 temporis
497 3860 521 3903 et
537 3853 650 3903 mortalis
661 3869 691 3902 ac
741 3853 805 3903 adds
821 3854 962 3917 credibility
973 3862 1000 3902 to
1017 3853 1059 3903 the
1074 3852 1195 3903 Church’s
1210 3852 1276 3917 hope
1295 3852 1325 3901 oi

106 3929 217 3980 uisibilis
245 3939 271 3979 et
299 3946 377 3996 capax
408 3934 538 3994 consortis,
569 3936 690 3985 honorem
742 3936 836 3985 eternal
859 3935 971 3999 felicity!
1004 3935 1170 3984 Reinsr'nuare
1192 3948 1272 3981 seems
1295 3940 1321 3981 to

108 4018 135 4058 et
157 4009 267 4074 gloriam
289 4010 454 4073 temporalem
481 4012 573 4063 habere
597 4021 688 4078 potest,
743 4015 775 4065 be
793 4016 899 4065 without
917 4014 1031 4080 example
1038 4032 1046 4073 ;
1063 4015 1095 4064 cl,
1112 4014 1264 4063 retribulatio
1279 4011 1321 4073 (11.

107 4108 161 4143 non
171 4104 258 4141 tamen
268 4093 472 4157 sempitemam.”
500 4097 591 4159 Chrys.
603 4112 637 4145 on
648 4097 692 4146 the
743 4110 769 4157 p·
789 4113 829 4157 44,
852 4094 868 4144 l.
893 4107 930 4157 17,
950 4092 1027 4157 note).
1062 4094 1144 4142 Sicuti
1164 4100 1188 4143 ct
1209 4094 1239 4143 in
1256 4101 1319 4157 sup,

108 4176 182 4224 ouer
201 4174 414 4237 hand,s0110wed
433 4176 468 4240 by
484 4177 560 4227 mar
581 4178 632 4228 ana
649 4178 692 4228 ne
744 4174 775 4224 cf.
789 4176 831 4225 ne
842 4191 932 4225 comm.
944 4191 976 4224 on
988 4191 1011 4224 v.
1029 4190 1067 4232 ιι,
1078 4183 1155 4239 πονο
1167 4175 1202 4239 tp·
1216 4171 1264 4237 nl·

108 4255 161 4305 Gk.
184 4256 334 4320 expositors,
364 4262 479 4325 contenis
504 4257 607 4306 himself
629 4258 691 4307 with
778 4254 814 4306 16.
851 4272 901 4304 non
917 4255 1246 4318 deberesustinere...neqm,
1262 4254 1321 4316 &nl

108 4336 229 4401 claiming
240 4337 285 4386 the
300 4337 427 4402 doxology
438 4337 476 4387 sor
488 4339 550 4388 each
562 4338 654 4388 Person
666 4338 693 4387 in
743 4338 768 4386 A
787 4336 880 4387 double
902 4337 1041 4400 rendering,
1062 4337 1177 4401 perhaps,
1199 4337 1229 4385 of
1252 4352 1321 4387 some

108 4414 151 4464 the
171 4412 244 4479 Holy
263 4414 373 4479 Trinity.
407 4414 448 4466 ef.
468 4416 559 4466 Thur:
579 4414 606 4465 οὐ
622 4417 693 4475 μόνον
742 4420 890 4483 ambiguous
909 4418 977 4469 verb.
1013 4419 1069 4468 The
1094 4418 1229 4468 directions
1256 4434 1322 4469 were

107 4493 144 4559 τῷ
163 4493 213 4559 θεῷ
228 4499 270 4548 καὶ
289 4498 373 4561 πατρί,
395 4496 518 4547 ἀλλὰκαὶ
541 4494 577 4561 τῷ
593 4494 637 4561 ulqi
653 4500 693 4547 rat
742 4498 820 4561 really
842 4497 954 4558 twosold,
979 4514 1007 4547 so
1027 4498 1080 4547 that
1106 4512 1144 4548 we
1160 4496 1240 4561 might
1256 4499 1321 4548 have

193 4616 219 4667 S.
238 4618 278 4668 ll.
1213 4605 1234 4664 6
