3142 5100
126 394 192 459 111.
210 394 252 478 a]
482 408 525 459 ru
549 409 602 459 nr.
625 410 678 460 nn
700 409 933 462 nnorunuu
956 409 980 460 1.
1275 409 1333 475 τος

125 593 254 639 uxores
273 576 444 644 habebant
468 578 655 663 legitimas3
685 580 776 664 quod
797 589 832 646 et
853 580 1028 663 Moysaica
1051 578 1126 663 lege
1146 579 1255 645 facere
1276 597 1335 643 eos

125 679 266 743 licenter
280 681 464 746 eueniebat.
498 683 594 748 multi
610 703 689 748 uero
700 705 802 748 unam
818 683 1003 768 legitimam
1018 683 1180 748 habentes
1192 703 1334 747 uxorem

125 807 196 849 non
217 793 314 849 erant
333 787 364 850 ei
386 788 543 864 contenti,
559 788 845 871 permiscebantur
866 808 946 852 uero
967 797 1001 852 et
1021 788 1094 852 aliis
1112 788 1183 853 siue
1206 786 1335 852 ancillis

126 890 197 952 suis
212 890 283 952 siue
299 898 333 953 et
348 889 422 954 aliis
442 891 634 955 mulieribus
649 891 803 956 absolute
818 890 1050 969 lasciuientes3
1074 893 1165 977 quod
1181 901 1216 956 et
1231 910 1336 975 usque

126 992 173 1054 ad
193 1012 350 1074 praesens
365 992 405 1059 fit
421 993 466 1059 ab
482 995 544 1058 illis
560 995 616 1078 qui
637 994 819 1077 pudicitiae
840 975 1049 1079 diligentiam
1072 996 1199 1060 nullam
1218 995 1337 1061 uolunt
1375 1010 1390 1077 5

126 1097 298 1162 adhibere
341 1099 436 1161 aiunt
451 1119 531 1182 ergo
546 1098 686 1163 Paulum
703 1098 737 1163 id
758 1098 895 1176 dixisse,
910 1099 957 1163 ita
968 1108 1007 1162 ut
1029 1099 1084 1163 ille
1096 1100 1153 1182 qui
1174 1100 1337 1164 eiusmodi

126 1213 182 1268 est
205 1201 277 1287 [ad]
300 1202 528 1286 episcopatum
553 1204 764 1287 producatur,
788 1203 846 1286 qui
868 1223 1010 1267 uxorem
1029 1203 1195 1286 accipiens
1217 1202 1339 1288 pudice

126 1308 267 1372 uiuebat
283 1328 359 1370 cum
375 1328 424 1384 ea,
438 1316 617 1372 contentus
638 1328 678 1371 ea
697 1315 831 1370 tantum
852 1314 886 1370 et
907 1327 1013 1390 usque
1033 1307 1077 1370 ad
1088 1307 1179 1371 illam
1200 1317 1339 1372 naturae

127 1420 244 1474 motus
258 1411 388 1474 sistens.
432 1411 489 1493 qui
505 1412 532 1473 si
548 1411 594 1474 sic
612 1412 729 1475 uiuens
747 1418 826 1493 post
844 1411 1058 1475 amissionem
1080 1413 1208 1497 primae
1223 1432 1340 1476 secun·

127 1514 210 1577 dam
226 1514 376 1597 legitime
398 1516 571 1597 acceperit,
587 1514 773 1597 eodemque
795 1515 897 1579 modo
913 1523 1038 1579 etcum
1060 1515 1116 1580 illa
1133 1516 1246 1580 uiuere
1266 1537 1339 1600 per·
1356 1535 1396 1583 10

128 1617 263 1693 stiterit,
286 1637 353 1680 non
373 1615 495 1680 debere
514 1617 689 1699 prohibere
709 1637 787 1681 eum
810 1618 854 1682 ad
869 1619 1101 1702 episcopatum
1117 1621 1269 1700 transire,
1290 1644 1341 1686 se·

127 1722 279 1785 cundum
296 1720 390 1798 Pauli
405 1720 642 1788 definitionem.
671 1722 736 1787 hoc
751 1724 910 1788 dixemnt
925 1725 1062 1808 quidam
1082 1747 1102 1790 a
1117 1726 1220 1791 beato
1235 1726 1339 1792 Paulo

129 1834 166 1888 et
181 1823 359 1888 definitum
374 1844 447 1888 esse
462 1833 496 1889 et
511 1834 673 1890 statutum
682 1847 690 1906 ;
714 1848 855 1912 quorum
871 1849 934 1911 ego
950 1828 1079 1893 dictum
1095 1828 1194 1894 ualde
1210 1851 1340 1915 respuo,

128 1947 193 1991 nec
208 1927 353 1992 suadeor
367 1928 431 1993 illis
446 1930 536 2013 quod
553 1933 580 1994 is
595 1933 651 2015 qui
667 1934 831 1996 secundas
852 1935 986 2016 nuptias
1001 1934 1154 1999 similiter
1168 1937 1339 2020 praecipit,

129 2066 254 2136 ’ταύτὸν
282 2067 339 2137 δύο
365 2072 517 2157 νομίμανς
543 2071 636 2163 εἶχον
664 2078 830 2157 γυναῖκας,
854 2072 871 2139 ὃ
897 2073 952 2140 καὶ
975 2071 1043 2139 ἀπὸ
1072 2078 1131 2141 τοῦ
1152 2075 1340 2141 Μωσαῖκού
1356 2097 1392 2164 15

128 2172 235 2255 νόμον
249 2177 355 2240 ποιεῖν
370 2173 479 2245 αὐτοῖς
494 2174 727 2263 ἐπετέτραπτο·
749 2176 873 2244 πολλοὶ
890 2175 926 2242 δὲ
945 2175 1083 2260 νομίμην
1103 2178 1234 2266 ἔχοντες
1253 2176 1340 2258 μίαν,

127 2277 235 2362 ταύτῃ
254 2276 315 2358 μὲν
335 2277 394 2343 ούκ
415 2275 581 2365 ἠρκοῦντο,
597 2278 771 2367 ἐκέχρηντο
791 2278 826 2345 δὲ
845 2280 900 2346 καὶ
919 2278 1043 2367 ἑτέραις
1060 2278 1132 2363 ἤτοι
1149 2279 1340 2353 παιδίσκαις

127 2380 266 2457 ἐαυτῶν,
292 2380 313 2461 ἢ
340 2382 393 2448 καὶ
420 2382 465 2452 εἰς
494 2381 552 2453 τὰς
580 2383 746 2471 τυχούσας
769 2383 935 2454 πολλάκις
965 2382 1065 2455 ἀδεῶς
1094 2382 1340 2470 ἇμαρτιίνοντες·

127 2483 146 2552 ὂ
177 2485 238 2552 καὶ
269 2484 369 2574 μέχρι
406 2490 463 2566 τῆς
497 2485 591 2575 δεῦρο
624 2488 749 2573 γίνεται
778 2487 871 2576 παρὰ
905 2492 972 2556 τῶν
1005 2487 1065 2556 ούκ
1100 2487 1342 2574 ἐπιμελομένων

127 2588 359 2677 σωφροσύνης·
402 2595 499 2657 τοῦτο
537 2591 698 2680 εἰρηκέναι
734 2592 790 2660 τὸν
823 2596 963 2659 Παῦλον
992 2593 1129 2678 ἔφησαν,
1163 2591 1248 2659 ὥστε
1284 2592 1341 2659 τὸν
1355 2603 1412 2671 20'

127 2696 281 2759 τοιοῦτον
307 2692 352 2763 εἰς
376 2692 437 2773 τὴν
464 2694 650 2774 ἐπισκοπὴν
674 2694 892 2783 παρύνγεσθαι,
921 2695 956 2766 ὃς
981 2694 1178 2781 ἀγαγόμενος
1202 2700 1341 2781 χυναῖκα

127 2794 309 2883 σωφρόνως
338 2796 420 2877 ἐβίω
448 2797 530 2879 μετὰ
558 2798 686 2879 ταύτης,
713 2800 888 2889 προσέχων
916 2800 996 2883 αὐτῇ
1027 2799 1082 2865 καὶ
1104 2800 1220 2889 μέχρις
1243 2797 1342 2878 αὐτῆς

126 2899 247 2987 ὁρίζων
267 2903 324 2979 τῆς
348 2900 475 2987 φύσεως
497 2899 555 2981 τὴν
574 2900 688 2988 ὄρεξιν.
743 2901 785 2971 ὥς
807 2903 884 2973 εἴτις
910 2899 1011 2974 ούτως
1031 2903 1137 2982 ζήσας,
1160 2901 1343 2980 ἀποβαλὼν

127 3003 196 3082 τὴν
214 3000 377 3091 προτέραν
401 3002 539 3085 νομίμως
564 3001 722 3089 ἅνγύγοιτο
751 3002 912 3091 δευτέραν,
939 3002 997 3070 τὸν
1020 3002 1120 3069 αύτὲν
1150 3001 1188 3084 δὴ
1219 3000 1343 3088 τρόπον

124 3104 225 3185 βιούς
247 3104 301 3169 καὶ
320 3103 403 3187 μετὰ
424 3105 550 3184 ταύτης,
566 3105 610 3186 μὴ
631 3105 798 3192 εἴργεσθαι
816 3105 913 3171 αὐτὸν
931 3107 1017 3171 κατὰ
1037 3103 1097 3187 τὴν
1117 3108 1178 3170 τού
1200 3105 1342 3170 Παύλου
1356 3134 1394 3201 ²5

129 3205 330 3290 νομοθεσίαν
351 3209 410 3286 τῆς
430 3206 474 3278 εἰς
495 3206 555 3288 τὴν
573 3209 759 3287 ἐπισκοπὴν
774 3208 925 3292 παρόδου.
970 3210 1067 3274 τοῦτο
1084 3206 1235 3293 εἰρῆσθαι
1249 3205 1344 3293 παρὰ

128 3313 196 3375 τοῦ
216 3311 468 3396 μακαριωτάτου
484 3309 622 3376 Παύλου
645 3310 833 3389 νενοηκότος
852 3309 942 3381 τινὰς
963 3308 1052 3375 πάνυ
1070 3335 1109 3392 χε
1127 3308 1344 3397 ἀποδέχομαι,

126 3414 286 3497 μάλιστα
307 3412 441 3478 πάντων
464 3410 501 3479 ού
529 3412 718 3495 πειθόμενος
740 3412 792 3479 ὅτι
815 3411 831 3476 ὁ
855 3412 911 3479 τὸν
932 3411 1081 3500 δεύτερον
1102 3411 1207 3494 γάμον
1229 3411 1345 3496 ὁμοίως

186 3565 276 3612 gear
349 3550 414 3612 5ab
430 3550 479 3599 illis
494 3566 533 3599 οιιι
548 3550 592 3598 Cr
668 3550 787 3609 7adom
809 3547 894 3599 C'H
966 3546 1351 3614 9sitens(fi2rsistens)C*H

128 3634 167 3683 sit
179 3631 260 3681 eiusr
332 3647 362 3682 το
379 3647 459 3696 eoque
471 3633 479 3691 (
482 3630 529 3695 sor
538 3628 714 3696 eodemque)r
792 3644 818 3678 11
838 3629 994 3694 prohiberir
1061 3645 1089 3679 12
1107 3629 1288 3678 diffinctionem
1303 3630 1324 3679 C
1330 3628 1344 3655 ⁴*

129 3714 316 3764 deffinitionem
330 3712 436 3777 Βίωνι)
459 3713 624 3763 difinitionem
638 3714 668 3762 H
686 3712 860 3762 diffinitionem
872 3729 888 3761 r
966 3727 994 3776 13
1012 3712 1148 3761 deliuctum
1163 3711 1243 3761 C'H
1252 3711 1256 3776 Ι
1273 3713 1347 3764 luisse

130 3795 171 3846 H
193 3832 197 3841 .
242 3810 272 3856 14
288 3794 321 3844 ab
333 3792 382 3858 (ast
392 3794 506 3857 suadeor)
517 3794 594 3843 addr
607 3791 611 3857 Ι
625 3793 780 3858 praecepitr
855 3808 883 3856 17
901 3790 1247 3856 tralpnuhortrtpaulcod.
1262 3790 1347 3855 (corr.)

172 3941 212 3989 ¹3·
245 3924 319 3973 ualde
336 3922 432 3988 respuo]
458 3923 484 3973 Is
503 3924 553 3973 this
569 3923 719 3973 marvellous
768 3938 794 3987 p.
812 3919 900 3979 106,'l.
920 3938 959 3985 24,
984 3937 1024 3972 vv.
1050 3921 1110 3983 ll.]?
1151 3921 1189 3971 Or
1215 3920 1237 3969 is
1265 3927 1349 3984 respuo

132 4007 283 4074 peruersion
305 4006 334 4056 ol
355 4006 399 4055 the
423 4006 472 4055 Gk.
496 4021 529 4054 an
556 4005 720 4055 unconscious
768 4003 999 4067 merelyaclerical
1017 4019 1085 4055 error
1100 4001 1253 4068 sorracpio?
1286 4001 1348 4051 Iin-

134 4105 205 4139 error
223 4103 256 4138 on
274 4086 317 4135 the
334 4092 391 4150 part
407 4086 436 4134 oi
450 4086 492 4134 the
509 4085 648 4144 translator,
663 4084 720 4132 who
769 4087 835 4136 cline
849 4094 876 4134 to
891 4085 934 4135 the
950 4085 997 4134 last
1013 4083 1182 4149 explanation,
1196 4083 1241 4133 but
1257 4082 1350 4147 having

134 4171 182 4219 has
199 4167 278 4218 taken
291 4166 445 4226 ἀποδέχομαι
455 4165 493 4215 lor
503 4164 679 4224 ἀποδοκιμάζω,
692 4179 721 4213 or
769 4167 858 4232 regard
877 4175 903 4215 to
920 4165 963 4216 the
980 4165 1122 4231 possibility
1139 4164 1168 4213 oi
1184 4165 1226 4214 the
1244 4164 1350 4217 mistahe

134 4270 151 4303 a
173 4251 314 4302 deliberate
342 4250 480 4299 correction
508 4249 541 4312 by
562 4264 578 4297 a
596 4247 720 4296 monastic
770 4247 847 4310 being
869 4248 918 4296 due
940 4255 966 4297 to
989 4248 1032 4296 the
1055 4247 1187 4295 translator
1208 4244 1350 4307 himsell',1

136 4334 244 4400 copyist,
259 4331 374 4381 shocked
387 4340 412 4380 at
424 4331 466 4379 the
480 4338 629 4395 acceptance
646 4329 675 4378 ol
687 4345 721 4378 an
770 4328 891 4379 leavethe
900 4336 953 4379 text
964 4327 1102 4377 unaltered.
1120 4327 1175 4376 The
1185 4326 1235 4376 Gk.
1246 4326 1351 4392 happily
1375 4315 1377 4319 ¹

135 4418 243 4482 opinion
260 4430 290 4464 so
307 4414 422 4477 opposed
439 4421 465 4463 to
481 4412 656 4463 ecclesiastical
674 4419 720 4461 tra·
771 4411 883 4461 survives
905 4418 932 4459 to
954 4410 1014 4459 bear
1036 4410 1137 4461 witness
1156 4415 1183 4458 to
1205 4408 1278 4459 Thes
1300 4409 1352 4463 real

136 4499 219 4549 dition
238 4494 283 4561 [cf.
304 4495 348 4545 the
365 4494 530 4546 commentos
544 4494 587 4546 the
603 4492 722 4555 eatenist,
772 4492 917 4547 sentiment.
