<?xml version="1.0" encoding="UTF-8"?>
<!DOCTYPE html PUBLIC "-//W3C//DTD XHTML 1.0 Transitional//EN"
    "http://www.w3.org/TR/xhtml1/DTD/xhtml1-transitional.dtd">
<html xmlns="http://www.w3.org/1999/xhtml" xml:lang="en" lang="en">
 <head>
  <title>
</title>
<meta http-equiv="Content-Type" content="text/html;charset=utf-8" />
  <meta name='ocr-system' content='tesseract 3.04.00' />
  <meta name='ocr-capabilities' content='ocr_page ocr_carea ocr_par ocr_line ocrx_word'/>
</head>
<body>
  <div class='ocr_page' id='page_1' title='image "./theodoriepiscop00swetgoog_0295.png"; bbox 0 0 3142 5100; ppageno 0'>
   <div class='ocr_carea' id='block_1_1' title="bbox 113 450 1302 536">
    <p class='ocr_par' dir='ltr' id='par_1_1' title="bbox 113 450 1302 536">
     <span class='ocr_line' id='line_1_1' title="bbox 113 450 1302 536; baseline 0.005 -24"><span class='ocrx_word' id='word_1_1' title='bbox 113 462 153 526; x_wconf 89' lang='lat' dir='ltr'><strong>ro,</strong></span> <span class='ocrx_word' id='word_1_2' title='bbox 171 450 226 535; x_wconf 65' lang='grc' dir='ltr'><strong>ιι]</strong></span> <span class='ocrx_word' id='word_1_3' title='bbox 466 466 507 517; x_wconf 78' lang='lat' dir='ltr'><strong>nr</strong></span> <span class='ocrx_word' id='word_1_4' title='bbox 533 468 584 519; x_wconf 74' lang='lat' dir='ltr'><strong>uu.</strong></span> <span class='ocrx_word' id='word_1_5' title='bbox 607 468 659 518; x_wconf 78' lang='lat' dir='ltr'><strong>no</strong></span> <span class='ocrx_word' id='word_1_6' title='bbox 682 466 945 519; x_wconf 71' lang='lat' dir='ltr'><strong>musmonem.</strong></span> <span class='ocrx_word' id='word_1_7' title='bbox 1238 468 1302 536; x_wconf 88' lang='lat'><strong>277</strong></span> 
     </span>
    </p>
   </div>
   <div class='ocr_carea' id='block_1_2' title="bbox 106 618 1300 1018">
    <p class='ocr_par' dir='ltr' id='par_1_2' title="bbox 106 618 1300 1018">
     <span class='ocr_line' id='line_1_2' title="bbox 161 618 1298 731; baseline 0.002 -23"><span class='ocrx_word' id='word_1_8' title='bbox 161 645 318 710; x_wconf 84' lang='lat' dir='ltr'><strong>sufficiens</strong></span> <span class='ocrx_word' id='word_1_9' title='bbox 334 654 405 711; x_wconf 87' lang='lat' dir='ltr'><strong>erat</strong></span> <span class='ocrx_word' id='word_1_10' title='bbox 419 656 454 711; x_wconf 92' lang='lat' dir='ltr'><strong>et</strong></span> <span class='ocrx_word' id='word_1_11' title='bbox 468 645 532 711; x_wconf 89' lang='lat' dir='ltr'><strong>hoc</strong></span> <span class='ocrx_word' id='word_1_12' title='bbox 547 649 745 731; x_wconf 88' lang='lat' dir='ltr'><strong>persuadere</strong></span> <span class='ocrx_word' id='word_1_13' title='bbox 765 618 1004 724; x_wconf 76' lang='lat' dir='ltr'><strong>Philemonem,</strong></span> <span class='ocrx_word' id='word_1_14' title='bbox 1021 666 1062 710; x_wconf 91' lang='lat' dir='ltr'><strong>eo</strong></span> <span class='ocrx_word' id='word_1_15' title='bbox 1081 646 1171 728; x_wconf 89' lang='lat' dir='ltr'><strong>quod</strong></span> <span class='ocrx_word' id='word_1_16' title='bbox 1194 644 1298 710; x_wconf 86' lang='lat' dir='ltr'><strong>filium</strong></span> 
     </span>
     <span class='ocr_line' id='line_1_3' title="bbox 106 748 1300 833; baseline 0.001 -23"><span class='ocrx_word' id='word_1_17' title='bbox 106 769 191 811; x_wconf 89' lang='lat' dir='ltr'><strong>suurn</strong></span> <span class='ocrx_word' id='word_1_18' title='bbox 220 770 291 812; x_wconf 86' lang='lat' dir='ltr'><strong>esse</strong></span> <span class='ocrx_word' id='word_1_19' title='bbox 320 750 445 815; x_wconf 84' lang='lat' dir='ltr'>dixerit</span> <span class='ocrx_word' id='word_1_20' title='bbox 475 750 570 814; x_wconf 91' lang='lat' dir='ltr'><strong>illum</strong></span> <span class='ocrx_word' id='word_1_21' title='bbox 597 772 658 833; x_wconf 92' lang='lat' dir='ltr'><strong>pro</strong></span> <span class='ocrx_word' id='word_1_22' title='bbox 682 771 749 833; x_wconf 93' lang='lat' dir='ltr'><strong>quo</strong></span> <span class='ocrx_word' id='word_1_23' title='bbox 776 748 855 813; x_wconf 84' lang='lat' dir='ltr'><strong>lecit</strong></span> <span class='ocrx_word' id='word_1_24' title='bbox 884 748 1160 813; x_wconf 84' lang='lat' dir='ltr'><strong>obsecrationem.</strong></span> <span class='ocrx_word' id='word_1_25' title='bbox 1205 757 1239 812; x_wconf 92' lang='lat' dir='ltr'><strong>et</strong></span> <span class='ocrx_word' id='word_1_26' title='bbox 1262 755 1300 811; x_wconf 91' lang='lat' dir='ltr'><strong>ut</strong></span> 
     </span>
     <span class='ocr_line' id='line_1_4' title="bbox 107 850 1299 931; baseline 0 -18"><span class='ocrx_word' id='word_1_27' title='bbox 107 870 142 913; x_wconf 87' lang='lat' dir='ltr'><strong>ne</strong></span> <span class='ocrx_word' id='word_1_28' title='bbox 155 851 315 917; x_wconf 88' lang='lat' dir='ltr'><strong>uideretur</strong></span> <span class='ocrx_word' id='word_1_29' title='bbox 334 852 488 919; x_wconf 89' lang='lat' dir='ltr'><strong>absolute</strong></span> <span class='ocrx_word' id='word_1_30' title='bbox 511 852 641 918; x_wconf 85' lang='lat' dir='ltr'><strong>‘filium’</strong></span> <span class='ocrx_word' id='word_1_31' title='bbox 663 854 860 931; x_wconf 81' lang='lat' dir='ltr'>nominasse,</span> <span class='ocrx_word' id='word_1_32' title='bbox 885 850 976 917; x_wconf 90' lang='lat' dir='ltr'><strong>nulla</strong></span> <span class='ocrx_word' id='word_1_33' title='bbox 999 851 1167 917; x_wconf 87' lang='lat' dir='ltr'><strong>existente</strong></span> <span class='ocrx_word' id='word_1_34' title='bbox 1189 872 1299 925; x_wconf 89' lang='lat' dir='ltr'><strong>causa,</strong></span> 
     </span>
     <span class='ocr_line' id='line_1_5' title="bbox 106 952 211 1018; baseline 0.038 -3"><span class='ocrx_word' id='word_1_35' title='bbox 106 952 211 1018; x_wconf 87' lang='lat' dir='ltr'><strong>adicit:</strong></span> 
     </span>
    </p>
   </div>
   <div class='ocr_carea' id='block_1_3' title="bbox 158 1106 1297 1590">
    <p class='ocr_par' dir='ltr' id='par_1_3' title="bbox 158 1106 366 1189">
     <span class='ocr_line' id='line_1_6' title="bbox 158 1106 366 1189; baseline 0.019 -21"><span class='ocrx_word' id='word_1_36' title='bbox 158 1125 244 1186; x_wconf 80' lang='lat' dir='ltr'><strong>quem</strong></span> <span class='ocrx_word' id='word_1_37' title='bbox 253 1106 366 1189; x_wconf 79' lang='lat' dir='ltr'><strong>genui.</strong></span> 
     </span>
    </p>

    <p class='ocr_par' dir='ltr' id='par_1_4' title="bbox 159 1234 992 1320">
     <span class='ocr_line' id='line_1_7' title="bbox 159 1234 992 1320; baseline 0.006 -25"><span class='ocrx_word' id='word_1_38' title='bbox 159 1242 190 1297; x_wconf 91' lang='lat' dir='ltr'><strong>et</strong></span> <span class='ocrx_word' id='word_1_39' title='bbox 204 1234 305 1316; x_wconf 90' lang='lat' dir='ltr'><strong>ipsius</strong></span> <span class='ocrx_word' id='word_1_40' title='bbox 321 1237 544 1320; x_wconf 82' lang='lat' dir='ltr'><strong>generationis</strong></span> <span class='ocrx_word' id='word_1_41' title='bbox 560 1238 698 1310; x_wconf 86' lang='lat' dir='ltr'><strong>modurn</strong></span> <span class='ocrx_word' id='word_1_42' title='bbox 713 1236 907 1320; x_wconf 85' lang='lat' dir='ltr'><strong>explicans:</strong></span> <span class='ocrx_word' id='word_1_43' title='bbox 988 1249 992 1254; x_wconf 84' lang='grc'><strong>’</strong></span> 
     </span>
    </p>

    <p class='ocr_par' dir='ltr' id='par_1_5' title="bbox 159 1383 452 1452">
     <span class='ocr_line' id='line_1_8' title="bbox 159 1383 452 1452; baseline 0.017 -5"><span class='ocrx_word' id='word_1_44' title='bbox 159 1383 191 1447; x_wconf 84' lang='lat' dir='ltr'><strong>in</strong></span> <span class='ocrx_word' id='word_1_45' title='bbox 205 1386 345 1451; x_wconf 64' lang='lat' dir='ltr'><strong>uz&#39;rrctclrir</strong></span> <span class='ocrx_word' id='word_1_46' title='bbox 365 1388 452 1452; x_wconf 81' lang='lat' dir='ltr'><strong>meis.</strong></span> 
     </span>
    </p>

    <p class='ocr_par' dir='ltr' id='par_1_6' title="bbox 158 1507 1297 1590">
     <span class='ocr_line' id='line_1_9' title="bbox 158 1507 1297 1590; baseline 0.004 -21"><span class='ocrx_word' id='word_1_47' title='bbox 158 1507 194 1569; x_wconf 86' lang='lat' dir='ltr'><strong>‘si</strong></span> <span class='ocrx_word' id='word_1_48' title='bbox 219 1508 308 1570; x_wconf 88' lang='lat' dir='ltr'><strong>enim</strong></span> <span class='ocrx_word' id='word_1_49' title='bbox 333 1527 392 1570; x_wconf 89' lang='lat' dir='ltr'><strong>eos</strong></span> <span class='ocrx_word' id='word_1_50' title='bbox 417 1508 474 1590; x_wconf 92' lang='lat' dir='ltr'><strong>qui</strong></span> <span class='ocrx_word' id='word_1_51' title='bbox 500 1528 577 1571; x_wconf 92' lang='lat' dir='ltr'><strong>cum</strong></span> <span class='ocrx_word' id='word_1_52' title='bbox 603 1507 719 1571; x_wconf 90' lang='lat' dir='ltr'><strong>dolore</strong></span> <span class='ocrx_word' id='word_1_53' title='bbox 745 1516 861 1589; x_wconf 83' lang='lat' dir='ltr'><strong>partus</strong></span> <span class='ocrx_word' id='word_1_54' title='bbox 886 1507 1051 1590; x_wconf 85' lang='lat' dir='ltr'><strong>progeniti</strong></span> <span class='ocrx_word' id='word_1_55' title='bbox 1074 1516 1152 1571; x_wconf 88' lang='lat' dir='ltr'><strong>sunt</strong></span> <span class='ocrx_word' id='word_1_56' title='bbox 1175 1511 1297 1573; x_wconf 89' lang='lat' dir='ltr'><strong>amoris</strong></span> 
     </span>
    </p>
   </div>
   <div class='ocr_carea' id='block_1_4' title="bbox 101 1608 1354 1799">
    <p class='ocr_par' dir='ltr' id='par_1_7' title="bbox 101 1608 1354 1799">
     <span class='ocr_line' id='line_1_10' title="bbox 102 1608 1296 1694; baseline 0.004 -24"><span class='ocrx_word' id='word_1_57' title='bbox 102 1608 207 1691; x_wconf 87' lang='lat' dir='ltr'><strong>dignos</strong></span> <span class='ocrx_word' id='word_1_58' title='bbox 232 1610 373 1676; x_wconf 85' lang='lat' dir='ltr'><strong>exhibet</strong></span> <span class='ocrx_word' id='word_1_59' title='bbox 395 1612 480 1675; x_wconf 89' lang='lat' dir='ltr'><strong>ratio</strong></span> <span class='ocrx_word' id='word_1_60' title='bbox 499 1612 672 1689; x_wconf 70' lang='lat' dir='ltr'><strong>naturalis</strong></span> <span class='ocrx_word' id='word_1_61' title='bbox 688 1610 845 1694; x_wconf 84' lang='lat' dir='ltr'><strong>intellege</strong></span> <span class='ocrx_word' id='word_1_62' title='bbox 866 1611 1073 1686; x_wconf 79' lang='lat' dir='ltr'><strong>uinculorum</strong></span> <span class='ocrx_word' id='word_1_63' title='bbox 1089 1612 1238 1676; x_wconf 88' lang='lat' dir='ltr'><strong>dolorem</strong></span> <span class='ocrx_word' id='word_1_64' title='bbox 1262 1613 1296 1675; x_wconf 93' lang='lat' dir='ltr'><strong>in</strong></span> 
     </span>
     <span class='ocr_line' id='line_1_11' title="bbox 101 1715 1354 1799; baseline 0.003 -23"><span class='ocrx_word' id='word_1_65' title='bbox 101 1715 207 1795; x_wconf 90' lang='lat' dir='ltr'><strong>quibus</strong></span> <span class='ocrx_word' id='word_1_66' title='bbox 221 1716 352 1798; x_wconf 90' lang='lat' dir='ltr'><strong>positus</strong></span> <span class='ocrx_word' id='word_1_67' title='bbox 366 1715 510 1780; x_wconf 90' lang='lat' dir='ltr'><strong>eundem</strong></span> <span class='ocrx_word' id='word_1_68' title='bbox 526 1717 652 1799; x_wconf 88' lang='lat' dir='ltr'><strong>pietate</strong></span> <span class='ocrx_word' id='word_1_69' title='bbox 667 1716 849 1799; x_wconf 82' lang='lat' dir='ltr'><strong>progenui&#39;</strong></span> <span class='ocrx_word' id='word_1_70' title='bbox 1314 1733 1354 1780; x_wconf 93' lang='lat'><strong>10</strong></span> 
     </span>
    </p>
   </div>
   <div class='ocr_carea' id='block_1_5' title="bbox 160 1860 352 1930">
    <p class='ocr_par' dir='ltr' id='par_1_8' title="bbox 160 1860 352 1930">
     <span class='ocr_line' id='line_1_12' title="bbox 160 1860 352 1930; baseline 0.016 -3"><span class='ocrx_word' id='word_1_71' title='bbox 160 1860 352 1930; x_wconf 81' lang='lat' dir='ltr'><strong>Onesimum.</strong></span> 
     </span>
    </p>
   </div>
   <div class='ocr_carea' id='block_1_6' title="bbox 100 1992 1347 2388">
    <p class='ocr_par' dir='ltr' id='par_1_9' title="bbox 100 1992 1347 2388">
     <span class='ocr_line' id='line_1_13' title="bbox 156 1992 1296 2081; baseline -0.001 -26"><span class='ocrx_word' id='word_1_72' title='bbox 156 1992 234 2057; x_wconf 91' lang='lat' dir='ltr'><strong>bene</strong></span> <span class='ocrx_word' id='word_1_73' title='bbox 250 1995 396 2077; x_wconf 88' lang='lat' dir='ltr'><strong>primum</strong></span> <span class='ocrx_word' id='word_1_74' title='bbox 412 1997 500 2062; x_wconf 91' lang='lat' dir='ltr'><strong>dixit</strong></span> <span class='ocrx_word' id='word_1_75' title='bbox 520 1999 680 2081; x_wconf 86' lang='lat' dir='ltr'><strong>propositi</strong></span> <span class='ocrx_word' id='word_1_76' title='bbox 697 1999 767 2062; x_wconf 89' lang='lat' dir='ltr'><strong>eius</strong></span> <span class='ocrx_word' id='word_1_77' title='bbox 788 1996 1055 2071; x_wconf 82' lang='lat' dir='ltr'><strong>mutabilitatem,</strong></span> <span class='ocrx_word' id='word_1_78' title='bbox 1072 1994 1169 2058; x_wconf 86' lang='lat' dir='ltr'><strong>etsie</strong></span> <span class='ocrx_word' id='word_1_79' title='bbox 1184 1992 1296 2076; x_wconf 90' lang='lat' dir='ltr'><strong>posuit</strong></span> 
     </span>
     <span class='ocr_line' id='line_1_14' title="bbox 101 2098 1295 2180; baseline 0.006 -25"><span class='ocrx_word' id='word_1_80' title='bbox 101 2113 217 2173; x_wconf 86' lang='lat' dir='ltr'><strong>nomen,</strong></span> <span class='ocrx_word' id='word_1_81' title='bbox 239 2119 281 2161; x_wconf 90' lang='lat' dir='ltr'><strong>eo</strong></span> <span class='ocrx_word' id='word_1_82' title='bbox 311 2099 402 2180; x_wconf 91' lang='lat' dir='ltr'><strong>quod</strong></span> <span class='ocrx_word' id='word_1_83' title='bbox 432 2100 530 2163; x_wconf 90' lang='lat' dir='ltr'><strong>sciret</strong></span> <span class='ocrx_word' id='word_1_84' title='bbox 560 2120 625 2163; x_wconf 91' lang='lat' dir='ltr'><strong>non</strong></span> <span class='ocrx_word' id='word_1_85' title='bbox 657 2101 742 2164; x_wconf 90' lang='lat' dir='ltr'><strong>bene</strong></span> <span class='ocrx_word' id='word_1_86' title='bbox 771 2101 893 2165; x_wconf 89' lang='lat' dir='ltr'><strong>habere</strong></span> <span class='ocrx_word' id='word_1_87' title='bbox 923 2101 966 2164; x_wconf 90' lang='lat' dir='ltr'><strong>de</strong></span> <span class='ocrx_word' id='word_1_88' title='bbox 996 2119 1037 2162; x_wconf 90' lang='lat' dir='ltr'><strong>eo</strong></span> <span class='ocrx_word' id='word_1_89' title='bbox 1065 2098 1295 2162; x_wconf 87' lang='lat' dir='ltr'><strong>Philemonem</strong></span> 
     </span>
     <span class='ocr_line' id='line_1_15' title="bbox 100 2201 1295 2286; baseline 0.007 -27"><span class='ocrx_word' id='word_1_90' title='bbox 100 2208 224 2279; x_wconf 88' lang='lat' dir='ltr'><strong>propter</strong></span> <span class='ocrx_word' id='word_1_91' title='bbox 243 2201 418 2282; x_wconf 89' lang='lat' dir='ltr'><strong>pristinam</strong></span> <span class='ocrx_word' id='word_1_92' title='bbox 441 2204 603 2285; x_wconf 88' lang='lat' dir='ltr'><strong>propositi</strong></span> <span class='ocrx_word' id='word_1_93' title='bbox 626 2205 696 2266; x_wconf 87' lang='lat' dir='ltr'><strong>eius</strong></span> <span class='ocrx_word' id='word_1_94' title='bbox 719 2205 930 2286; x_wconf 89' lang='lat' dir='ltr'><strong>prauitatem.</strong></span> <span class='ocrx_word' id='word_1_95' title='bbox 975 2212 1108 2266; x_wconf 88' lang='lat' dir='ltr'><strong>etcum</strong></span> <span class='ocrx_word' id='word_1_96' title='bbox 1131 2223 1295 2268; x_wconf 86' lang='lat' dir='ltr'><strong>memora-</strong></span> 
     </span>
     <span class='ocr_line' id='line_1_16' title="bbox 100 2300 1347 2388; baseline 0.008 -27"><span class='ocrx_word' id='word_1_97' title='bbox 100 2300 179 2363; x_wconf 87' lang='lat' dir='ltr'><strong>tione</strong></span> <span class='ocrx_word' id='word_1_98' title='bbox 193 2302 262 2366; x_wconf 89' lang='lat' dir='ltr'><strong>eius</strong></span> <span class='ocrx_word' id='word_1_99' title='bbox 285 2304 400 2369; x_wconf 88' lang='lat' dir='ltr'><strong>statim</strong></span> <span class='ocrx_word' id='word_1_100' title='bbox 415 2305 486 2368; x_wconf 87' lang='lat' dir='ltr'><strong>eius</strong></span> <span class='ocrx_word' id='word_1_101' title='bbox 500 2305 637 2388; x_wconf 89' lang='lat' dir='ltr'><strong>copulat</strong></span> <span class='ocrx_word' id='word_1_102' title='bbox 661 2306 926 2383; x_wconf 83' lang='lat' dir='ltr'><strong>mutabilitatem,</strong></span> <span class='ocrx_word' id='word_1_103' title='bbox 944 2306 1114 2388; x_wconf 89' lang='lat' dir='ltr'><strong>inquiens:</strong></span> <span class='ocrx_word' id='word_1_104' title='bbox 1313 2321 1347 2385; x_wconf 85' lang='lat'><strong>15</strong></span> 
     </span>
    </p>
   </div>
   <div class='ocr_carea' id='block_1_7' title="bbox 154 2454 682 2540">
    <p class='ocr_par' dir='ltr' id='par_1_10' title="bbox 154 2454 682 2540">
     <span class='ocr_line' id='line_1_17' title="bbox 154 2454 682 2540; baseline 0.009 -24"><span class='ocrx_word' id='word_1_105' title='bbox 154 2454 211 2535; x_wconf 81' lang='lat' dir='ltr'><strong>qui</strong></span> <span class='ocrx_word' id='word_1_106' title='bbox 225 2454 352 2519; x_wconf 84' lang='lat' dir='ltr'><strong>dudum</strong></span> <span class='ocrx_word' id='word_1_107' title='bbox 368 2456 431 2520; x_wconf 82' lang='lat' dir='ltr'><strong>tibi</strong></span> <span class='ocrx_word' id='word_1_108' title='bbox 451 2456 582 2521; x_wconf 82' lang='lat' dir='ltr'><strong>inutilis</strong></span> <span class='ocrx_word' id='word_1_109' title='bbox 594 2457 682 2540; x_wconf 83' lang='lat' dir='ltr'><strong>suit.</strong></span> 
     </span>
    </p>
   </div>
   <div class='ocr_carea' id='block_1_8' title="bbox 96 2586 1292 2756">
    <p class='ocr_par' dir='ltr' id='par_1_11' title="bbox 96 2586 1292 2756">
     <span class='ocr_line' id='line_1_18' title="bbox 154 2586 1292 2671; baseline 0.005 -25"><span class='ocrx_word' id='word_1_110' title='bbox 154 2602 227 2647; x_wconf 90' lang='lat' dir='ltr'><strong>uam</strong></span> <span class='ocrx_word' id='word_1_111' title='bbox 243 2586 388 2649; x_wconf 89' lang='lat' dir='ltr'><strong>adiectio</strong></span> <span class='ocrx_word' id='word_1_112' title='bbox 404 2586 529 2650; x_wconf 82' lang='lat' dir='ltr'><strong>dudum</strong></span> <span class='ocrx_word' id='word_1_113' title='bbox 550 2588 691 2652; x_wconf 89' lang='lat' dir='ltr'><strong>alterum</strong></span> <span class='ocrx_word' id='word_1_114' title='bbox 713 2609 785 2652; x_wconf 90' lang='lat' dir='ltr'><strong>esse</strong></span> <span class='ocrx_word' id='word_1_115' title='bbox 805 2587 894 2652; x_wconf 90' lang='lat' dir='ltr'><strong>hunc</strong></span> <span class='ocrx_word' id='word_1_116' title='bbox 915 2589 1066 2653; x_wconf 89' lang='lat' dir='ltr'><strong>ostendit</strong></span> <span class='ocrx_word' id='word_1_117' title='bbox 1088 2589 1133 2653; x_wconf 88' lang='lat' dir='ltr'><strong>ab</strong></span> <span class='ocrx_word' id='word_1_118' title='bbox 1154 2588 1213 2653; x_wconf 93' lang='lat' dir='ltr'><strong>illo</strong></span> <span class='ocrx_word' id='word_1_119' title='bbox 1235 2590 1292 2671; x_wconf 92' lang='lat' dir='ltr'><strong>qui</strong></span> 
     </span>
     <span class='ocr_line' id='line_1_19' title="bbox 96 2683 1079 2756; baseline 0.011 -12"><span class='ocrx_word' id='word_1_120' title='bbox 96 2683 211 2750; x_wconf 91' lang='lat' dir='ltr'><strong>dudum</strong></span> <span class='ocrx_word' id='word_1_121' title='bbox 229 2685 346 2753; x_wconf 87' lang='lat' dir='ltr'><strong>luerat.</strong></span> <span class='ocrx_word' id='word_1_122' title='bbox 386 2688 507 2753; x_wconf 90' lang='lat' dir='ltr'><strong>deinde</strong></span> <span class='ocrx_word' id='word_1_123' title='bbox 522 2697 557 2753; x_wconf 91' lang='lat' dir='ltr'><strong>et</strong></span> <span class='ocrx_word' id='word_1_124' title='bbox 573 2691 779 2754; x_wconf 87' lang='lat' dir='ltr'><strong>manifestius</strong></span> <span class='ocrx_word' id='word_1_125' title='bbox 794 2689 858 2754; x_wconf 88' lang='lat' dir='ltr'><strong>hoc</strong></span> <span class='ocrx_word' id='word_1_126' title='bbox 874 2692 963 2755; x_wconf 91' lang='lat' dir='ltr'><strong>idem</strong></span> <span class='ocrx_word' id='word_1_127' title='bbox 979 2690 1079 2756; x_wconf 86' lang='lat' dir='ltr'><strong>dicit:</strong></span> 
     </span>
    </p>
   </div>
   <div class='ocr_carea' id='block_1_9' title="bbox 153 2834 1351 3041">
    <p class='ocr_par' dir='ltr' id='par_1_12' title="bbox 153 2834 1351 3041">
     <span class='ocr_line' id='line_1_20' title="bbox 153 2834 750 2903; baseline 0.018 -12"><span class='ocrx_word' id='word_1_128' title='bbox 153 2843 356 2896; x_wconf 74' lang='lat' dir='ltr'><strong>truncantem</strong></span> <span class='ocrx_word' id='word_1_129' title='bbox 371 2834 475 2899; x_wconf 81' lang='lat' dir='ltr'><strong>ettibr&#39;</strong></span> <span class='ocrx_word' id='word_1_130' title='bbox 492 2846 525 2900; x_wconf 82' lang='lat' dir='ltr'><strong>et</strong></span> <span class='ocrx_word' id='word_1_131' title='bbox 545 2835 631 2901; x_wconf 74' lang='lat' dir='ltr'><strong>milei</strong></span> <span class='ocrx_word' id='word_1_132' title='bbox 647 2837 750 2903; x_wconf 82' lang='lat' dir='ltr'><strong>utilis.</strong></span> 
     </span>
     <span class='ocr_line' id='line_1_21' title="bbox 153 2950 1351 3041; baseline 0.007 -27"><span class='ocrx_word' id='word_1_133' title='bbox 153 2950 370 3017; x_wconf 89' lang='lat' dir='ltr'><strong>demiratione</strong></span> <span class='ocrx_word' id='word_1_134' title='bbox 383 2954 522 3038; x_wconf 87' lang='lat' dir='ltr'><strong>dignum</strong></span> <span class='ocrx_word' id='word_1_135' title='bbox 534 2966 586 3021; x_wconf 90' lang='lat' dir='ltr'><strong>est</strong></span> <span class='ocrx_word' id='word_1_136' title='bbox 596 2959 754 3041; x_wconf 90' lang='lat' dir='ltr'><strong>quoniam</strong></span> <span class='ocrx_word' id='word_1_137' title='bbox 767 2957 917 3041; x_wconf 92' lang='lat' dir='ltr'><strong>inprimis</strong></span> <span class='ocrx_word' id='word_1_138' title='bbox 929 2956 1053 3021; x_wconf 88' lang='lat' dir='ltr'><strong>dixerit</strong></span> <span class='ocrx_word' id='word_1_139' title='bbox 1064 2952 1162 3035; x_wconf 78' lang='lat' dir='ltr'><strong>†tibz·,</strong></span> <span class='ocrx_word' id='word_1_140' title='bbox 1173 2953 1294 3017; x_wconf 91' lang='lat' dir='ltr'><strong>deinde</strong></span> <span class='ocrx_word' id='word_1_141' title='bbox 1309 2972 1351 3022; x_wconf 87' lang='lat'><strong>20</strong></span> 
     </span>
    </p>
   </div>
   <div class='ocr_carea' id='block_1_10' title="bbox 100 3113 1294 3260">
    <p class='ocr_par' dir='ltr' id='par_1_13' title="bbox 100 3113 1294 3260">
     <span class='ocr_line' id='line_1_22' title="bbox 141 3113 1294 3182; baseline 0.001 -22"><span class='ocrx_word' id='word_1_142' title='bbox 141 3125 169 3173; x_wconf 81' lang='lat'><strong>14</strong></span> <span class='ocrx_word' id='word_1_143' title='bbox 184 3113 376 3164; x_wconf 85' lang='lat' dir='ltr'><strong>mutabilitatem</strong></span> <span class='ocrx_word' id='word_1_144' title='bbox 396 3115 452 3178; x_wconf 81' lang='lat' dir='ltr'><strong>(sor</strong></span> <span class='ocrx_word' id='word_1_145' title='bbox 469 3117 551 3180; x_wconf 89' lang='lat' dir='ltr'><strong>prau.)</strong></span> <span class='ocrx_word' id='word_1_146' title='bbox 570 3118 583 3167; x_wconf 88' lang='lat' dir='ltr'><em>I</em></span> <span class='ocrx_word' id='word_1_147' title='bbox 595 3115 599 3182; x_wconf 85' lang='grc' dir='ltr'>Ι</span> <span class='ocrx_word' id='word_1_148' title='bbox 613 3118 879 3167; x_wconf 86' lang='lat' dir='ltr'><strong>commemorationem</strong></span> <span class='ocrx_word' id='word_1_149' title='bbox 901 3114 936 3166; x_wconf 70' lang='lat' dir='ltr'><strong>C*</strong></span> <span class='ocrx_word' id='word_1_150' title='bbox 987 3121 1155 3179; x_wconf 88' lang='lat' dir='ltr'><strong>postcomm.</strong></span> <span class='ocrx_word' id='word_1_151' title='bbox 1180 3114 1294 3174; x_wconf 72' lang='lat' dir='ltr'><strong>Cicorr)</strong></span> 
     </span>
     <span class='ocr_line' id='line_1_23' title="bbox 100 3187 483 3260; baseline 0.018 -23"><span class='ocrx_word' id='word_1_152' title='bbox 100 3187 125 3238; x_wconf 84' lang='grc'><strong>16</strong></span> <span class='ocrx_word' id='word_1_153' title='bbox 139 3192 271 3257; x_wconf 83' lang='lat' dir='ltr'><strong>aliquando</strong></span> <span class='ocrx_word' id='word_1_154' title='bbox 283 3193 342 3259; x_wconf 84' lang='lat' dir='ltr'><strong>(sor</strong></span> <span class='ocrx_word' id='word_1_155' title='bbox 351 3194 457 3260; x_wconf 85' lang='lat' dir='ltr'><strong>dudum)</strong></span> <span class='ocrx_word' id='word_1_156' title='bbox 470 3197 483 3244; x_wconf 87' lang='lat' dir='ltr'><strong>l</strong></span> 
     </span>
    </p>
   </div>
   <div class='ocr_carea' id='block_1_11' title="bbox 93 3325 1292 4449">
    <p class='ocr_par' dir='ltr' id='par_1_14' title="bbox 93 3325 1292 4449">
     <span class='ocr_line' id='line_1_24' title="bbox 126 3325 1288 3394; baseline 0.004 -21"><span class='ocrx_word' id='word_1_157' title='bbox 126 3335 147 3382; x_wconf 84' lang='lat'><strong>5·</strong></span> <span class='ocrx_word' id='word_1_158' title='bbox 182 3338 252 3387; x_wconf 83' lang='lat' dir='ltr'><strong>quem</strong></span> <span class='ocrx_word' id='word_1_159' title='bbox 269 3325 357 3388; x_wconf 71' lang='lat' dir='ltr'><strong>genui]</strong></span> <span class='ocrx_word' id='word_1_160' title='bbox 393 3326 434 3375; x_wconf 87' lang='lat' dir='ltr'><strong>Ct&#39;.</strong></span> <span class='ocrx_word' id='word_1_161' title='bbox 452 3337 471 3374; x_wconf 90' lang='lat'><strong>1.</strong></span> <span class='ocrx_word' id='word_1_162' title='bbox 489 3343 514 3391; x_wconf 89' lang='lat' dir='ltr'><strong>p.</strong></span> <span class='ocrx_word' id='word_1_163' title='bbox 534 3325 574 3394; x_wconf 89' lang='lat'><strong>69,</strong></span> <span class='ocrx_word' id='word_1_164' title='bbox 597 3328 614 3376; x_wconf 94' lang='lat' dir='ltr'><strong>l.</strong></span> <span class='ocrx_word' id='word_1_165' title='bbox 636 3326 665 3376; x_wconf 88' lang='lat'><strong>16</strong></span> <span class='ocrx_word' id='word_1_166' title='bbox 749 3327 785 3378; x_wconf 86' lang='lat'><strong>16.</strong></span> <span class='ocrx_word' id='word_1_167' title='bbox 815 3326 1024 3389; x_wconf 58' lang='lat' dir='ltr'><strong>dudumkmi.</strong></span> <span class='ocrx_word' id='word_1_168' title='bbox 1060 3325 1099 3376; x_wconf 87' lang='lat' dir='ltr'><strong>Ci.</strong></span> <span class='ocrx_word' id='word_1_169' title='bbox 1120 3325 1187 3391; x_wconf 89' lang='lat' dir='ltr'><strong>Eph.</strong></span> <span class='ocrx_word' id='word_1_170' title='bbox 1205 3326 1230 3375; x_wconf 90' lang='lat' dir='ltr'><strong>ii.</strong></span> <span class='ocrx_word' id='word_1_171' title='bbox 1253 3340 1288 3378; x_wconf 85' lang='lat' dir='ltr'><strong>rr.</strong></span> 
     </span>
     <span class='ocr_line' id='line_1_25' title="bbox 122 3406 1292 3472; baseline -0.002 -12"><span class='ocrx_word' id='word_1_172' title='bbox 122 3437 129 3450; x_wconf 88' lang='lat'><strong>·</strong></span> <span class='ocrx_word' id='word_1_173' title='bbox 712 3409 769 3459; x_wconf 81' lang='lat' dir='ltr'><strong>The</strong></span> <span class='ocrx_word' id='word_1_174' title='bbox 781 3409 856 3458; x_wconf 90' lang='lat' dir='ltr'><strong>Latin</strong></span> <span class='ocrx_word' id='word_1_175' title='bbox 867 3409 977 3458; x_wconf 88' lang='lat' dir='ltr'><strong>versious</strong></span> <span class='ocrx_word' id='word_1_176' title='bbox 988 3408 1052 3457; x_wconf 81' lang='lat' dir='ltr'><strong>hare</strong></span> <span class='ocrx_word' id='word_1_177' title='bbox 1066 3406 1249 3472; x_wconf 82' lang='lat' dir='ltr'><strong>“aliquando”</strong></span> <span class='ocrx_word' id='word_1_178' title='bbox 1263 3425 1292 3458; x_wconf 92' lang='lat' dir='ltr'><strong>or</strong></span> 
     </span>
     <span class='ocr_line' id='line_1_26' title="bbox 126 3484 896 3556; baseline 0.012 -23"><span class='ocrx_word' id='word_1_179' title='bbox 126 3496 147 3543; x_wconf 85' lang='lat'><strong>7.</strong></span> <span class='ocrx_word' id='word_1_180' title='bbox 188 3484 217 3533; x_wconf 79' lang='lat' dir='ltr'><strong>in</strong></span> <span class='ocrx_word' id='word_1_181' title='bbox 237 3486 346 3535; x_wconf 55' lang='lat' dir='ltr'><strong>aemulis</strong></span> <span class='ocrx_word' id='word_1_182' title='bbox 366 3486 436 3549; x_wconf 83' lang='lat' dir='ltr'><strong>meis]</strong></span> <span class='ocrx_word' id='word_1_183' title='bbox 476 3487 541 3536; x_wconf 82' lang='lat' dir='ltr'><strong>Meis</strong></span> <span class='ocrx_word' id='word_1_184' title='bbox 559 3485 623 3550; x_wconf 70' lang='grc' dir='ltr'>(μου)</span> <span class='ocrx_word' id='word_1_185' title='bbox 642 3487 664 3536; x_wconf 89' lang='lat' dir='ltr'><strong>is</strong></span> <span class='ocrx_word' id='word_1_186' title='bbox 715 3489 896 3556; x_wconf 83' lang='lat' dir='ltr'><strong>“quondam&#39;’</strong></span> 
     </span>
     <span class='ocr_line' id='line_1_27' title="bbox 95 3565 1291 3633; baseline 0.007 -19"><span class='ocrx_word' id='word_1_187' title='bbox 95 3565 191 3616; x_wconf 82' lang='lat' dir='ltr'><strong>omitted</strong></span> <span class='ocrx_word' id='word_1_188' title='bbox 203 3568 236 3632; x_wconf 86' lang='lat' dir='ltr'><strong>by</strong></span> <span class='ocrx_word' id='word_1_189' title='bbox 247 3569 288 3619; x_wconf 86' lang='lat' dir='ltr'><strong>the</strong></span> <span class='ocrx_word' id='word_1_190' title='bbox 300 3570 375 3619; x_wconf 83' lang='lat' dir='ltr'><strong>Latin</strong></span> <span class='ocrx_word' id='word_1_191' title='bbox 386 3570 505 3621; x_wconf 88' lang='lat' dir='ltr'><strong>versions.</strong></span> <span class='ocrx_word' id='word_1_192' title='bbox 749 3584 786 3633; x_wconf 84' lang='lat'><strong>17.</strong></span> <span class='ocrx_word' id='word_1_193' title='bbox 814 3588 874 3621; x_wconf 82' lang='lat' dir='ltr'><strong>nam</strong></span> <span class='ocrx_word' id='word_1_194' title='bbox 886 3572 985 3622; x_wconf 78' lang='lat' dir='ltr'><strong>adr&#39;ectr‘o</strong></span> <span class='ocrx_word' id='word_1_195' title='bbox 999 3571 1196 3633; x_wconf 81' lang='lat' dir='ltr'><strong>‘dudum‚’&amp;e.]</strong></span> <span class='ocrx_word' id='word_1_196' title='bbox 1225 3573 1291 3622; x_wconf 89' lang='lat' dir='ltr'><strong>Lan·</strong></span> 
     </span>
     <span class='ocr_line' id='line_1_28' title="bbox 127 3650 1292 3718; baseline 0.005 -21"><span class='ocrx_word' id='word_1_197' title='bbox 127 3663 162 3697; x_wconf 79' lang='lat' dir='ltr'><strong>ra.</strong></span> <span class='ocrx_word' id='word_1_198' title='bbox 188 3650 563 3717; x_wconf 69' lang='lat' dir='ltr'><strong>beneprimum...prauitalem]</strong></span> <span class='ocrx_word' id='word_1_199' title='bbox 596 3654 662 3704; x_wconf 82' lang='lat' dir='ltr'><strong>Lun-</strong></span> <span class='ocrx_word' id='word_1_200' title='bbox 713 3652 799 3703; x_wconf 81' lang='lat' dir='ltr'><strong>franc:</strong></span> <span class='ocrx_word' id='word_1_201' title='bbox 829 3653 954 3703; x_wconf 84' lang='lat' dir='ltr'><strong>“adiecto</strong></span> <span class='ocrx_word' id='word_1_202' title='bbox 981 3653 1129 3716; x_wconf 81' lang='lat' dir='ltr'><strong>[adiectiol]</strong></span> <span class='ocrx_word' id='word_1_203' title='bbox 1156 3654 1292 3718; x_wconf 83' lang='lat' dir='ltr'><strong>aliquando</strong></span> 
     </span>
     <span class='ocr_line' id='line_1_29' title="bbox 94 3726 1291 3797; baseline 0.002 -18"><span class='ocrx_word' id='word_1_204' title='bbox 94 3726 315 3791; x_wconf 78' lang='lat' dir='ltr'><strong>tranc;seevv.11.</strong></span> <span class='ocrx_word' id='word_1_205' title='bbox 711 3732 933 3783; x_wconf 82' lang='lat' dir='ltr'><strong>aliumessehunc</strong></span> <span class='ocrx_word' id='word_1_206' title='bbox 949 3733 1059 3783; x_wconf 90' lang='lat' dir='ltr'><strong>ostendit</strong></span> <span class='ocrx_word' id='word_1_207' title='bbox 1076 3732 1108 3782; x_wconf 83' lang='lat' dir='ltr'><strong>ab</strong></span> <span class='ocrx_word' id='word_1_208' title='bbox 1125 3732 1170 3781; x_wconf 91' lang='lat' dir='ltr'><strong>illo</strong></span> <span class='ocrx_word' id='word_1_209' title='bbox 1186 3733 1229 3797; x_wconf 86' lang='lat' dir='ltr'><strong>qui</strong></span> <span class='ocrx_word' id='word_1_210' title='bbox 1246 3733 1291 3782; x_wconf 92' lang='lat' dir='ltr'><strong>du-</strong></span> 
     </span>
     <span class='ocr_line' id='line_1_30' title="bbox 123 3810 1288 3880; baseline 0.001 -18"><span class='ocrx_word' id='word_1_211' title='bbox 123 3810 155 3858; x_wconf 75' lang='lat' dir='ltr'><strong>sic</strong></span> <span class='ocrx_word' id='word_1_212' title='bbox 166 3813 250 3876; x_wconf 78' lang='lat' dir='ltr'><strong>posui!</strong></span> <span class='ocrx_word' id='word_1_213' title='bbox 264 3815 364 3877; x_wconf 84' lang='lat' dir='ltr'><strong>nomen]</strong></span> <span class='ocrx_word' id='word_1_214' title='bbox 388 3816 490 3880; x_wconf 59' lang='lat' dir='ltr'><strong>chrysa</strong></span> <span class='ocrx_word' id='word_1_215' title='bbox 505 3818 545 3866; x_wconf 72' lang='lat' dir='ltr'><strong>nol</strong></span> <span class='ocrx_word' id='word_1_216' title='bbox 561 3817 617 3867; x_wconf 79' lang='lat' dir='ltr'><strong>rire</strong></span> <span class='ocrx_word' id='word_1_217' title='bbox 633 3819 662 3867; x_wconf 82' lang='grc' dir='ltr'><strong>τὸ</strong></span> <span class='ocrx_word' id='word_1_218' title='bbox 711 3813 799 3864; x_wconf 90' lang='lat' dir='ltr'><strong>dum.”</strong></span> <span class='ocrx_word' id='word_1_219' title='bbox 836 3814 963 3878; x_wconf 82' lang='lat' dir='ltr'><strong>Similarly</strong></span> <span class='ocrx_word' id='word_1_220' title='bbox 982 3815 1013 3863; x_wconf 92' lang='lat' dir='ltr'><strong>R.</strong></span> <span class='ocrx_word' id='word_1_221' title='bbox 1031 3814 1061 3863; x_wconf 85' lang='lat' dir='ltr'><strong>oi</strong></span> <span class='ocrx_word' id='word_1_222' title='bbox 1077 3815 1107 3862; x_wconf 93' lang='lat' dir='ltr'><strong>B.</strong></span> <span class='ocrx_word' id='word_1_223' title='bbox 1141 3815 1288 3864; x_wconf 83' lang='lat' dir='ltr'><strong>Alterum...</strong></span> 
     </span>
     <span class='ocr_line' id='line_1_31' title="bbox 93 3890 1156 3967; baseline -0.008 -17"><span class='ocrx_word' id='word_1_224' title='bbox 93 3890 170 3950; x_wconf 58' lang='grc' dir='ltr'><strong>ΜΝ·</strong></span> <span class='ocrx_word' id='word_1_225' title='bbox 193 3897 221 3943; x_wconf 73' lang='grc' dir='ltr'><strong>οὐ</strong></span> <span class='ocrx_word' id='word_1_226' title='bbox 237 3897 308 3953; x_wconf 73' lang='grc' dir='ltr'><strong><em>μόνον</em></strong></span> <span class='ocrx_word' id='word_1_227' title='bbox 325 3898 376 3960; x_wconf 77' lang='grc' dir='ltr'><strong>γὰρ</strong></span> <span class='ocrx_word' id='word_1_228' title='bbox 395 3898 437 3967; x_wconf 67' lang='grc' dir='ltr'><strong>σὸν</strong></span> <span class='ocrx_word' id='word_1_229' title='bbox 456 3898 530 3957; x_wconf 70' lang='grc' dir='ltr'>θυμὸν</span> <span class='ocrx_word' id='word_1_230' title='bbox 549 3899 662 3962; x_wconf 76' lang='grc' dir='ltr'><strong>ἔσβεσεν,</strong></span> <span class='ocrx_word' id='word_1_231' title='bbox 711 3898 742 3946; x_wconf 86' lang='lat' dir='ltr'><strong>ab</strong></span> <span class='ocrx_word' id='word_1_232' title='bbox 753 3897 911 3959; x_wconf 66' lang='lat' dir='ltr'><strong>illo=lrepor</strong></span> <span class='ocrx_word' id='word_1_233' title='bbox 922 3893 1045 3961; x_wconf 72' lang='grc' dir='ltr'>(ἑτεροῖον)</span> <span class='ocrx_word' id='word_1_234' title='bbox 1058 3895 1156 3944; x_wconf 70' lang='grc' dir='ltr'><strong>ἐκείνου.</strong></span> 
     </span>
     <span class='ocr_line' id='line_1_32' title="bbox 94 3971 1286 4042; baseline 0.002 -21"><span class='ocrx_word' id='word_1_235' title='bbox 94 3971 205 4023; x_wconf 72' lang='grc' dir='ltr'><strong>ἀλλὰκαὶ</strong></span> <span class='ocrx_word' id='word_1_236' title='bbox 222 3976 322 4038; x_wconf 75' lang='grc' dir='ltr'>ἡσθῆναι</span> <span class='ocrx_word' id='word_1_237' title='bbox 339 3980 478 4039; x_wconf 73' lang='grc' dir='ltr'><strong><em>πεποίηκεν.</em></strong></span> <span class='ocrx_word' id='word_1_238' title='bbox 513 3980 587 4030; x_wconf 90' lang='lat' dir='ltr'><strong>Oec.:</strong></span> <span class='ocrx_word' id='word_1_239' title='bbox 605 3998 663 4042; x_wconf 71' lang='grc' dir='ltr'><strong>προ·</strong></span> <span class='ocrx_word' id='word_1_240' title='bbox 745 3992 784 4027; x_wconf 75' lang='lat'><strong>20.</strong></span> <span class='ocrx_word' id='word_1_241' title='bbox 803 3973 1286 4040; x_wconf 77' lang='lat' dir='ltr'><strong>inprimis...propositieius]Lansranc‚</strong></span> 
     </span>
     <span class='ocr_line' id='line_1_33' title="bbox 93 4053 1289 4121; baseline 0.004 -22"><span class='ocrx_word' id='word_1_242' title='bbox 93 4056 247 4107; x_wconf 75' lang='grc' dir='ltr'><strong>καταστείλας</strong></span> <span class='ocrx_word' id='word_1_243' title='bbox 255 4059 298 4107; x_wconf 82' lang='grc' dir='ltr'><strong>τὸν</strong></span> <span class='ocrx_word' id='word_1_244' title='bbox 310 4061 384 4119; x_wconf 71' lang='grc' dir='ltr'>θυμὸν</span> <span class='ocrx_word' id='word_1_245' title='bbox 398 4062 478 4117; x_wconf 83' lang='grc' dir='ltr'><strong>αὐτοῦ,</strong></span> <span class='ocrx_word' id='word_1_246' title='bbox 495 4057 569 4110; x_wconf 68' lang='lat' dir='ltr'><strong>viror</strong></span> <span class='ocrx_word' id='word_1_247' title='bbox 584 4062 661 4121; x_wconf 71' lang='grc' dir='ltr'>ἐξονσ</span> <span class='ocrx_word' id='word_1_248' title='bbox 712 4060 744 4109; x_wconf 92' lang='lat' dir='ltr'><strong>R.</strong></span> <span class='ocrx_word' id='word_1_249' title='bbox 753 4060 783 4108; x_wconf 86' lang='lat' dir='ltr'><strong>ol</strong></span> <span class='ocrx_word' id='word_1_250' title='bbox 792 4060 834 4115; x_wconf 91' lang='lat' dir='ltr'><strong>B.;</strong></span> <span class='ocrx_word' id='word_1_251' title='bbox 846 4074 888 4107; x_wconf 85' lang='lat' dir='ltr'><strong>see</strong></span> <span class='ocrx_word' id='word_1_252' title='bbox 896 4074 935 4107; x_wconf 86' lang='lat' dir='ltr'><strong>vv.</strong></span> <span class='ocrx_word' id='word_1_253' title='bbox 944 4058 972 4105; x_wconf 93' lang='lat' dir='ltr'><strong>ll.</strong></span> <span class='ocrx_word' id='word_1_254' title='bbox 991 4055 1062 4105; x_wconf 88' lang='lat' dir='ltr'><strong>With</strong></span> <span class='ocrx_word' id='word_1_255' title='bbox 1071 4053 1289 4105; x_wconf 80' lang='lat' dir='ltr'><strong>Th’scharacter·</strong></span> 
     </span>
     <span class='ocr_line' id='line_1_34' title="bbox 93 4137 1286 4203; baseline -0.001 -15"><span class='ocrx_word' id='word_1_256' title='bbox 93 4139 158 4203; x_wconf 62' lang='grc' dir='ltr'><strong>μάζῃ</strong></span> <span class='ocrx_word' id='word_1_257' title='bbox 167 4143 195 4189; x_wconf 80' lang='grc' dir='ltr'><strong>τὸ</strong></span> <span class='ocrx_word' id='word_1_258' title='bbox 206 4143 288 4202; x_wconf 67' lang='grc' dir='ltr'><strong><em>ὄνομα.</em></strong></span> <span class='ocrx_word' id='word_1_259' title='bbox 710 4142 765 4190; x_wconf 85' lang='lat' dir='ltr'><strong>istic</strong></span> <span class='ocrx_word' id='word_1_260' title='bbox 775 4147 907 4189; x_wconf 86' lang='lat' dir='ltr'><strong>treatment</strong></span> <span class='ocrx_word' id='word_1_261' title='bbox 916 4138 945 4188; x_wconf 89' lang='lat' dir='ltr'><strong>ol</strong></span> <span class='ocrx_word' id='word_1_262' title='bbox 951 4138 1000 4188; x_wconf 91' lang='lat' dir='ltr'><strong>this</strong></span> <span class='ocrx_word' id='word_1_263' title='bbox 1008 4137 1079 4203; x_wconf 91' lang='lat' dir='ltr'><strong>point</strong></span> <span class='ocrx_word' id='word_1_264' title='bbox 1088 4137 1117 4186; x_wconf 85' lang='lat' dir='ltr'><strong>oi</strong></span> <span class='ocrx_word' id='word_1_265' title='bbox 1122 4138 1196 4186; x_wconf 89' lang='lat' dir='ltr'><strong>order</strong></span> <span class='ocrx_word' id='word_1_266' title='bbox 1203 4153 1286 4201; x_wconf 91' lang='lat' dir='ltr'><strong>comp.</strong></span> 
     </span>
     <span class='ocr_line' id='line_1_35' title="bbox 126 4216 1289 4285; baseline -0.003 -16"><span class='ocrx_word' id='word_1_267' title='bbox 126 4235 161 4283; x_wconf 71' lang='lat'><strong>¹3.</strong></span> <span class='ocrx_word' id='word_1_268' title='bbox 191 4239 239 4271; x_wconf 82' lang='lat' dir='ltr'><strong>non</strong></span> <span class='ocrx_word' id='word_1_269' title='bbox 255 4223 412 4273; x_wconf 60' lang='lat' dir='ltr'><strong>beataum</strong></span> <span class='ocrx_word' id='word_1_270' title='bbox 425 4223 454 4273; x_wconf 81' lang='lat' dir='ltr'><strong>tle</strong></span> <span class='ocrx_word' id='word_1_271' title='bbox 469 4223 505 4285; x_wconf 85' lang='lat' dir='ltr'><strong>eo]</strong></span> <span class='ocrx_word' id='word_1_272' title='bbox 540 4221 567 4274; x_wconf 80' lang='lat' dir='ltr'><strong>oi</strong></span> <span class='ocrx_word' id='word_1_273' title='bbox 584 4226 663 4276; x_wconf 79' lang='grc' dir='ltr'>καλῶς</span> <span class='ocrx_word' id='word_1_274' title='bbox 711 4223 753 4271; x_wconf 90' lang='lat' dir='ltr'><strong>the</strong></span> <span class='ocrx_word' id='word_1_275' title='bbox 771 4228 910 4270; x_wconf 90' lang='lat' dir='ltr'><strong>comments</strong></span> <span class='ocrx_word' id='word_1_276' title='bbox 929 4219 959 4268; x_wconf 89' lang='lat' dir='ltr'><strong>os</strong></span> <span class='ocrx_word' id='word_1_277' title='bbox 974 4218 1063 4283; x_wconf 87' lang='lat' dir='ltr'><strong>Chrys.</strong></span> <span class='ocrx_word' id='word_1_278' title='bbox 1084 4216 1115 4282; x_wconf 78' lang='grc' dir='ltr'><strong>(εἰ</strong></span> <span class='ocrx_word' id='word_1_279' title='bbox 1133 4219 1183 4281; x_wconf 80' lang='grc' dir='ltr'><strong>γὰρ</strong></span> <span class='ocrx_word' id='word_1_280' title='bbox 1200 4219 1289 4281; x_wconf 80' lang='grc' dir='ltr'><strong>Παύλῳ</strong></span> 
     </span>
     <span class='ocr_line' id='line_1_36' title="bbox 93 4293 1287 4368; baseline 0.001 -17"><span class='ocrx_word' id='word_1_281' title='bbox 93 4303 176 4362; x_wconf 75' lang='grc' dir='ltr'><strong><em>ἔχοντα</em></strong></span> <span class='ocrx_word' id='word_1_282' title='bbox 187 4306 242 4367; x_wconf 74' lang='lat' dir='ltr'><strong>repl</strong></span> <span class='ocrx_word' id='word_1_283' title='bbox 252 4307 341 4355; x_wconf 68' lang='grc' dir='ltr'><strong>ἐκείνου</strong></span> <span class='ocrx_word' id='word_1_284' title='bbox 352 4307 420 4368; x_wconf 72' lang='grc' dir='ltr'><strong>(πρὸς</strong></span> <span class='ocrx_word' id='word_1_285' title='bbox 431 4307 537 4366; x_wconf 69' lang='grc' dir='ltr'>ἐκεῖνον).</span> <span class='ocrx_word' id='word_1_286' title='bbox 710 4296 947 4362; x_wconf 72' lang='grc' dir='ltr'>χρήσιμος...πολλῷ</span> <span class='ocrx_word' id='word_1_287' title='bbox 972 4299 1067 4358; x_wconf 73' lang='grc' dir='ltr'>μᾶλλον</span> <span class='ocrx_word' id='word_1_288' title='bbox 1097 4293 1134 4358; x_wconf 74' lang='grc' dir='ltr'><strong>τῷ</strong></span> <span class='ocrx_word' id='word_1_289' title='bbox 1161 4298 1287 4358; x_wconf 69' lang='grc' dir='ltr'>δεσπότῃ),</span> 
     </span>
     <span class='ocr_line' id='line_1_37' title="bbox 126 4379 1287 4449; baseline 0.003 -16"><span class='ocrx_word' id='word_1_290' title='bbox 126 4399 160 4447; x_wconf 81' lang='lat'><strong>¹4·</strong></span> <span class='ocrx_word' id='word_1_291' title='bbox 188 4403 242 4435; x_wconf 80' lang='lat' dir='ltr'><strong>cum</strong></span> <span class='ocrx_word' id='word_1_292' title='bbox 265 4388 442 4445; x_wconf 62' lang='lat' dir='ltr'><strong>macene,</strong></span> <span class='ocrx_word' id='word_1_293' title='bbox 466 4388 525 4449; x_wconf 68' lang='lat' dir='ltr'><strong>te]</strong></span> <span class='ocrx_word' id='word_1_294' title='bbox 569 4388 660 4439; x_wconf 65' lang='lat' dir='ltr'><strong>Tude:</strong></span> <span class='ocrx_word' id='word_1_295' title='bbox 710 4383 786 4433; x_wconf 76' lang='lat' dir='ltr'><strong>Thdt</strong></span> <span class='ocrx_word' id='word_1_296' title='bbox 804 4379 982 4443; x_wconf 73' lang='grc' dir='ltr'>(οὐγὰρμόνον</span> <span class='ocrx_word' id='word_1_297' title='bbox 997 4380 1042 4436; x_wconf 68' lang='grc' dir='ltr'><strong>σοί,</strong></span> <span class='ocrx_word' id='word_1_298' title='bbox 1060 4380 1141 4440; x_wconf 72' lang='grc' dir='ltr'>φησίν,</span> <span class='ocrx_word' id='word_1_299' title='bbox 1157 4379 1287 4440; x_wconf 57' lang='lat' dir='ltr'><strong>emperor</strong></span> 
     </span>
    </p>
   </div>
   <div class='ocr_carea' id='block_1_12' title="bbox 95 3415 121 3463">
    <p class='ocr_par' dir='ltr' id='par_1_15' title="bbox 95 3415 121 3463">
     <span class='ocr_line' id='line_1_38' title="bbox 95 3415 121 3463; baseline 0 0"><span class='ocrx_word' id='word_1_300' title='bbox 95 3415 121 3463; x_wconf 73' lang='lat' dir='ltr'><strong>s‘l</strong></span> 
     </span>
    </p>
   </div>
   <div class='ocr_carea' id='block_1_13' title="bbox 91 4460 1286 4611">
    <p class='ocr_par' dir='ltr' id='par_1_16' title="bbox 91 4460 1286 4611">
     <span class='ocr_line' id='line_1_39' title="bbox 93 4460 1286 4545; baseline -0.003 -32"><span class='ocrx_word' id='word_1_301' title='bbox 93 4466 216 4527; x_wconf 59' lang='grc' dir='ltr'>ἀνέμνησεν</span> <span class='ocrx_word' id='word_1_302' title='bbox 226 4470 273 4541; x_wconf 57' lang='lat' dir='ltr'><strong>reip</strong></span> <span class='ocrx_word' id='word_1_303' title='bbox 284 4468 402 4525; x_wconf 76' lang='grc' dir='ltr'><strong>παλαιῶν,</strong></span> <span class='ocrx_word' id='word_1_304' title='bbox 415 4466 471 4517; x_wconf 76' lang='grc' dir='ltr'>ἀλλ’</span> <span class='ocrx_word' id='word_1_305' title='bbox 484 4465 549 4518; x_wconf 66' lang='lat' dir='ltr'><strong>etth</strong></span> <span class='ocrx_word' id='word_1_306' title='bbox 561 4472 601 4517; x_wconf 76' lang='grc' dir='ltr'><strong>καὶ</strong></span> <span class='ocrx_word' id='word_1_307' title='bbox 616 4471 661 4528; x_wconf 76' lang='grc' dir='ltr'><strong>τὴν</strong></span> <span class='ocrx_word' id='word_1_308' title='bbox 711 4469 757 4526; x_wconf 81' lang='grc' dir='ltr'><em>νῦν,</em></span> <span class='ocrx_word' id='word_1_309' title='bbox 773 4466 890 4514; x_wconf 72' lang='grc' dir='ltr'>ἀλλὰκαὶ</span> <span class='ocrx_word' id='word_1_310' title='bbox 905 4464 977 4524; x_wconf 76' lang='grc' dir='ltr'>ἐμοί),</span> <span class='ocrx_word' id='word_1_311' title='bbox 991 4461 1115 4511; x_wconf 81' lang='lat' dir='ltr'><strong>Ambrstr.</strong></span> <span class='ocrx_word' id='word_1_312' title='bbox 1132 4460 1286 4545; x_wconf 82' lang='lat' dir='ltr'><strong>(“idoneum</strong></span> 
     </span>
     <span class='ocr_line' id='line_1_40' title="bbox 91 4542 1286 4611; baseline -0.013 -5"><span class='ocrx_word' id='word_1_313' title='bbox 91 4550 224 4611; x_wconf 60' lang='lat' dir='ltr'><strong>ttrssssolir</strong></span> <span class='ocrx_word' id='word_1_314' title='bbox 236 4552 332 4609; x_wconf 67' lang='grc' dir='ltr'><strong>ἔδειξεν.</strong></span> <span class='ocrx_word' id='word_1_315' title='bbox 710 4568 739 4600; x_wconf 84' lang='lat' dir='ltr'><strong>ex</strong></span> <span class='ocrx_word' id='word_1_316' title='bbox 753 4547 834 4599; x_wconf 84' lang='lat' dir='ltr'><strong>inutili</strong></span> <span class='ocrx_word' id='word_1_317' title='bbox 850 4547 942 4598; x_wconf 86' lang='lat' dir='ltr'><strong>iactum</strong></span> <span class='ocrx_word' id='word_1_318' title='bbox 960 4553 1010 4596; x_wconf 84' lang='lat' dir='ltr'><strong>tam</strong></span> <span class='ocrx_word' id='word_1_319' title='bbox 1028 4542 1194 4593; x_wconf 81' lang='lat' dir='ltr'><strong>saecularibus</strong></span> <span class='ocrx_word' id='word_1_320' title='bbox 1212 4559 1286 4606; x_wconf 82' lang='lat' dir='ltr'><strong>quam</strong></span> 
     </span>
    </p>
   </div>
   <div class='ocr_carea' id='block_1_14' title="bbox 0 0 1576 5100">
    <p class='ocr_par' dir='ltr' id='par_1_17' title="bbox 0 0 1576 5100">
     <span class='ocr_line' id='line_1_41' title="bbox 0 0 1576 5100; baseline 0 5"><span class='ocrx_word' id='word_1_321' title='bbox 0 0 1576 5100; x_wconf 95' lang='lat' dir='ltr'><strong> </strong></span> 
     </span>
    </p>
   </div>
  </div>
 </body>
</html>
