3142 5100
253 375 313 453 148
588 385 817 438 cnaooonus
841 386 1132 441 uorsuasrauus
1241 376 1318 460 [IV.
1337 392 1386 454 12,
1407 390 1482 463 η,-

250 567 377 622 stanter
397 558 557 636 insistere,
576 561 603 622 si
631 563 766 643 quando
793 581 845 624 res
870 560 942 643 ipsa
963 582 1040 625 eum
1060 561 1093 625 id
1117 559 1225 625 iacere
1240 560 1466 644 compellerit.

249 662 370 726 deinde
399 662 478 745 quia
504 663 632 727 iuuenis
661 673 741 742 erat,
771 673 807 729 et
836 664 1014 731 uidebatur
1043 674 1136 729 aetas
1162 665 1235 748 ipsa
1259 685 1279 728 a
1310 664 1467 748 plurimis

250 767 453 848 contempni,
469 767 611 831 adiecit:

315 932 405 975 nemo
420 911 617 976 iuuentutem
632 924 725 978 tuam
738 923 946 996 contempnat.

218 1052 234 1120 5
316 1038 401 1102 ‘noli
421 1049 534 1104 autem
554 1050 690 1124 propter
706 1050 852 1105 aetatem
869 1040 1090 1124 pusillanimis
1109 1063 1190 1118 esse,
1213 1062 1321 1124 neque
1341 1063 1466 1106 caueas

250 1144 329 1226 quin
354 1163 430 1206 cum
455 1144 652 1208 auctoritate
676 1145 805 1220 doceas,
833 1165 875 1208 eo
899 1146 989 1227 quod
1016 1146 1059 1208 ad
1086 1145 1150 1208 hoc
1171 1145 1216 1208 sis
1235 1146 1268 1208 in
1289 1146 1467 1210 iuuentute

249 1247 391 1312 electus!
435 1247 640 1311 admirabilis
655 1269 732 1313 uere
747 1259 799 1311 est
814 1249 958 1313 adiectio
974 1270 1075 1332 quam
1091 1250 1222 1322 adiecit,
1239 1250 1376 1313 dicens:

313 1400 374 1464 sed
382 1399 501 1483 forma
521 1410 586 1464 esto
598 1399 752 1484 fidelium
770 1399 805 1463 in
828 1398 931 1477 uerbo,
947 1399 982 1463 in
1002 1401 1246 1476 conuersatione,
1261 1401 1298 1463 in
1312 1399 1464 1478 caritate,

251 1503 286 1568 in
292 1502 372 1589 fide,
389 1504 424 1568 in
439 1504 595 1567 castitate.

199 1648 238 1695 10
315 1634 376 1696 ‘ad
403 1641 548 1696 aetatem
576 1630 708 1714 (inquit)
735 1640 828 1695 tuam
857 1629 927 1694 noli
954 1632 1126 1714 respicere,
1149 1631 1359 1714 diligentiam
1384 1652 1467 1696 uero

250 1737 374 1803 adhibe
402 1735 531 1814 horum,
554 1747 592 1801 ut
621 1737 714 1800 dicas
744 1746 778 1800 et
802 1756 884 1818 agas
914 1735 970 1799 illa
1000 1757 1087 1819 quae
1113 1736 1178 1799 dici
1202 1745 1369 1817 oportent,
1396 1756 1469 1818 quo

250 1844 433 1906 secundum
460 1852 498 1906 ut
527 1843 715 1906 condecens
745 1851 797 1905 est
826 1851 1085 1918 conuersentur;
1120 1849 1158 1903 ut
1188 1841 1362 1903 caritatem
1387 1859 1466 1902 eam

250 1968 337 2030 quae
362 1968 442 2030 erga
461 1967 579 2011 omnes
599 1956 650 2010 est
665 1956 813 2024 teneant,
829 1956 866 2009 ut
881 1946 968 2010 firmi
986 1947 1053 2009 sint
1074 1946 1106 2008 in
1132 1944 1209 2022 fide,
1225 1954 1262 2008 ut
1283 1944 1469 2026 pudicitiae

250 2050 458 2134 diligentiam
482 2049 684 2127 adhibeant;
708 2051 754 2113 ita
779 2059 817 2113 ut
837 2059 871 2113 et
891 2050 962 2131 ipse
980 2049 1122 2112 formam
1147 2058 1181 2111 te
1203 2049 1365 2131 praebeas
1384 2049 1469 2112 lide-

197 2164 234 2233 15
251 2155 337 2219 libus
363 2174 424 2236 pro
450 2153 570 2236 quibus
595 2152 702 2215 uitam
732 2153 819 2234 regis
854 2159 957 2228 tuam,
982 2153 1148 2216 instruens
1177 2153 1467 2234 quemadmodum

250 2258 428 2322 conueniat
450 2256 646 2331 conuersari,
669 2256 716 2318 ita
742 2265 781 2318 ut
810 2275 855 2318 ex
886 2256 966 2337 ipsis
989 2254 1119 2318 actibus
1143 2256 1209 2318 tuis
1233 2256 1467 2320 testimonium

251 2363 341 2426 uitae
366 2371 445 2423 tuae
467 2357 597 2423 hisdem
622 2358 791 2440 praebeas.
845 2358 913 2420 noli
936 2359 1108 2421 doctrinae
1129 2358 1328 2440 dignitatem
1351 2370 1468 2423 aetate

251 2464 418 2528 dimittere
455 2472 514 2526 tua
526 2484 535 2541 ;
576 2483 653 2526 cum
691 2461 813 2526 fiducia
851 2482 931 2526 uero
965 2462 1080 2525 omnia
1116 2464 1227 2526 dicere
1263 2465 1465 2546 properato?

251 2569 372 2633 deinde
386 2589 431 2632 ex
447 2568 664 2651 generalitate
679 2588 756 2631 eum
772 2566 958 2631 exhortans
973 2570 1015 2632 de
1030 2568 1082 2630 his
1095 2588 1184 2650 quae
1196 2568 1229 2631 ei
1249 2569 1468 2646 conueniunt,

196 2688 239 2736 20
251 2674 373 2739 adicit:

317 2802 508 2886 usquedum
524 2801 661 2877 tuentius,
677 2800 805 2864 intende
816 2800 949 2878 lectiom',
968 2800 1216 2886 [exhortatone]
1233 2801 1404 2866 doctrinae.

317 2929 371 2989 ‘et
398 2923 655 2988 sollicitudinem
679 2922 837 3004 impende
858 2942 938 3005 erga
957 2921 1126 2998 lectiones,
1143 2932 1180 2987 ut
1202 2924 1329 2986 discere
1353 2923 1467 3005 possis
1569 2918 1570 2923 ’

301 3083 402 3127 aeatas
421 3074 465 3127 C*
604 3091 620 3136 4
636 3073 832 3124 adolescentiam
843 3090 860 3124 r
981 3087 995 3137 5
1013 3075 1081 3124 idem
1098 3074 1136 3137 [ul
1147 3073 1214 3136 est?]
1232 3073 1286 3139 (bes
1299 3073 1362 3135 noli)
1382 3075 1439 3123 add
1454 3090 1472 3120 r

264 3159 269 3225 Ι
284 3175 331 3226 pro
342 3160 435 3224 pietate
447 3156 504 3223 (jor
513 3162 616 3221 propter
626 3155 744 3217 aetatem)
755 3155 790 3204 H
798 3152 803 3219 Ι
818 3170 911 3220 pauens
926 3153 983 3221 (jor
997 3155 1097 3218 caueas)
1111 3156 1134 3205 C
1138 3154 1212 3216 (corr)
1372 3168 1385 3219 7
1400 3171 1468 3206 nero

251 3243 268 3291 8
284 3242 426 3306 exemplum
443 3239 505 3303 (sor
520 3238 610 3299 torma)
629 3253 646 3286 r
800 3252 827 3286 11
846 3245 979 3300 oporteant
998 3237 1104 3297 Cleon)
1119 3236 1123 3301 1
1139 3253 1203 3302 quae
1221 3236 1278 3300 (firr
1295 3233 1356 3301 quo)
1374 3234 1425 3301 ΗΙ
1438 3246 1470 3287 ut

251 3324 387 3375 secundum
398 3320 466 3386 quod
478 3320 549 3370 decet
561 3334 635 3368 eonu.
647 3335 664 3367 r
790 3329 819 3381 17
836 3318 886 3368 illis
899 3318 955 3383 (sor
964 3318 1073 3380 hisdem)
1085 3335 1102 3367 r
1113 3317 1117 3382 Ι
1132 3318 1202 3383 dign.
1213 3318 1293 3367 doctr.
1308 3333 1325 3366 r
1336 3315 1340 3381 Ι
1355 3326 1469 3367 aetatem

252 3406 278 3454 d.
301 3412 370 3454 tuam
391 3403 413 3450 C
419 3401 433 3427 ⁴
446 3409 549 3466 propter
562 3408 610 3449 aet.
628 3399 673 3449 &c
690 3399 713 3448 C
728 3397 802 3462 (corr)
833 3408 916 3449 aetate
927 3399 953 3449 d.
965 3407 1034 3449 tuam
1045 3400 1089 3449 H:
1106 3406 1174 3449 txtr
1281 3413 1310 3448 21
1329 3399 1433 3448 ueniam
1447 3400 1471 3449 C

253 3483 344 3549 (comi
369 3483 466 3533 exhort.
477 3498 516 3531 om
536 3482 599 3532 CH

253 3625 281 3659 as
296 3605 438 3673 applicable
454 3614 481 3656 to
497 3604 533 3654 all
551 3602 655 3654 oasesz’
671 3603 704 3654 cl'.
725 3603 829 3668 Chrys:
916 3605 941 3653 8.
967 3606 1067 3671 forma]
1108 3606 1144 3657 So
1166 3605 1199 3656 0.
1222 3605 1266 3664 L.;
1292 3603 1379 3669 vulg„
1396 3609 1469 3655 ⁶⁴21.

253 3685 301 3738 τῶν
312 3684 461 3750 πραγμάτων
476 3684 507 3735 rd
520 3688 564 3743 aar
579 3685 733 3735 διδασκαλίας
744 3686 829 3745 δεῖται,
882 3687 1022 3753 emplum,'’
1567 3740 1568 3743 Ἴ

253 3764 539 3829 τὰδὲἐτιταγῆς,κ.τ.λ.
919 3783 957 3834 17.
991 3770 1046 3819 noli
1064 3770 1198 3826 doctrinae,
1218 3768 1277 3830 &cl
1324 3768 1403 3818 “Let
1421 3778 1470 3820 not
1567 3780 1568 3785 ’

290 3867 312 3902 1.
344 3847 504 3915 cmpcllm't]
537 3846 638 3912 Iprint
655 3844 706 3895 this
723 3845 789 3896 form
806 3846 833 3895 in
883 3850 928 3914 thy
939 3849 1017 3915 youth
1027 3849 1160 3914 disparage
1171 3849 1217 3912 thy
1229 3845 1372 3912 teaching.”

255 3933 392 3983 obedience
413 3938 441 3980 to
462 3929 507 3979 the
529 3928 618 3987 Mss,
642 3925 780 3976 confirmed
801 3927 836 3990 by
918 3946 959 3981 ar.
992 3930 1144 3995 usquedum
1158 3927 1270 3990 amm]
1296 3928 1338 3977 Sc.
1353 3944 1421 3987 sum,
1436 3944 1472 3978 an

255 4015 384 4064 Rabanna-
417 4012 469 4061 For
488 4026 504 4060 a
521 4009 563 4059 list
580 4009 610 4058 ol
622 4008 759 4058 somewhat
776 4023 837 4056 ana·
884 4009 1308 4077 enipseremarkablyoemmonin
1324 4009 1473 4059 thistms.

254 4097 343 4160 logous
363 4093 541 4160 irregularities
562 4107 605 4142 see
627 4091 737 4151 Rdnseh,
756 4089 833 4151 Itala,
885 4094 982 4152 lation3
998 4093 1031 4144 0.
1043 4092 1072 4141 L.
1091 4091 1141 4141 and
1154 4091 1239 4154 Vulg,
1256 4091 1272 4117 ⁴⁸
1282 4090 1343 4139 dum
1363 4089 1476 4141 uenio”

255 4195 281 4245 p.
294 4178 342 4229 286
352 4193 389 4243 sq.
885 4172 997 4231 Intende,
1012 4169 1097 4235 Vutg.
1115 4166 1270 4229 “attende''
1282 4168 1333 4217 and
1350 4183 1381 4218 so
1393 4171 1474 4234 again

287 4279 312 4324 4.
344 4256 511 4319 iuuentutem]
544 4258 581 4308 So
598 4254 834 4320 O.L.generally;
885 4252 912 4302 in
931 4269 956 4301 v.
976 4250 1014 4301 1⁶.
1047 4250 1231 4301 Exhortatm
1246 4250 1293 4299 has
1309 4251 1337 4299 in
1354 4250 1400 4300 the
1416 4259 1475 4303 text

254 4343 341 4408 Vulg,
357 4343 377 4370 ‘⁴
384 4340 606 4392 adolescentiam.”
884 4337 958 4402 dropt
970 4343 1014 4386 out
1026 4336 1056 4386 os
1063 4336 1106 4386 the
1118 4334 1209 4412 MSS..
1219 4335 1347 4401 probably
1357 4336 1475 4403 through

287 4422 313 4472 ⁶.
346 4424 375 4471 in
396 4424 527 4471 iuuentute
553 4420 651 4482 electro]
684 4419 725 4471 cf.
747 4427 833 4485 supra,
884 4418 1085 4469 homoeoteleuton
1092 4434 1104 4478 ,·
1127 4417 1147 4467 it
1165 4415 1292 4467 oocursin
1309 4416 1354 4468 the
1371 4433 1470 4473 oomm.

255 4519 281 4566 p.
298 4516 350 4551 ιιι.
885 4499 921 4562 (p.
937 4513 990 4564 149,
1002 4499 1020 4546 1.
1033 4500 1067 4560 a).
