3142 5100
566 381 693 456 276
784 434 791 442 .
1243 393 1700 444 THEODORUS
1747 393 2332 445 MOPSUESTENUS

2758 381 2837 464 [9,
2870 401 2948 444 w.

564 560 896 631 conuenit.
983 581 1111 645 ego
1164 581 1326 626 uero
1372 561 1500 626 hoc
1549 583 1683 627 non
1729 561 1916 642 facio,
1949 565 2067 627 sed
2114 563 2356 628 obsecro
2403 563 2651 648 magis!
2736 563 2950 628 deinde

565 671 633 728 et
665 665 750 729 ad
782 666 1250 730 uerecundiam
1284 687 1435 730 eum
1471 667 1800 731 inuitans:

695 820 851 883 talis
877 841 1022 884 cum
1049 821 1180 884 sim
1209 822 1428 904 qualis
1454 822 1626 886 sicut
1650 822 1915 887 Paulus
1941 821 2169 886 senior.

694 955 956 1012 tantam
986 949 1126 1013 uim
1157 948 1453 1015 habebat
1494 951 1638 1015 sola
1683 949 1868 1014 Pauli
1914 950 2344 1032 nuncupatio,
2436 949 2598 1032 quid
2642 947 2811 1012 enim
2840 967 2952 1010 non

502 1051 898 1132 Sexpressit
957 1072 1277 1135 magnum
1337 1062 1409 1116 et
1466 1052 1906 1117 demiratione
1959 1053 2240 1135 dignum
2302 1053 2370 1115 in
2434 1072 2604 1115 uoce
2661 1051 2784 1115 hac
2837 1070 2950 1132 qua

567 1153 742 1217 dixit
803 1152 1208 1218 ‘Paulum'?
1296 1175 1453 1218 nam
1516 1175 1717 1218 omne
1775 1157 2250 1237 quodcumque
2318 1176 2659 1218 summum
2733 1155 2953 1216 bonum
3056 1219 3059 1221 ,

567 1255 863 1338 intellegi
895 1267 1177 1339 poterat,
1210 1258 1337 1322 hoc
1368 1269 1511 1324 erat
1542 1259 1609 1323 in
1654 1259 1878 1323 Paulo,
1969 1268 2038 1323 et
2079 1259 2262 1341 quod
2306 1259 2554 1322 adiecit
2586 1255 2957 1330 ‘senioretm’

566 1378 700 1422 non
748 1359 1053 1424 absolute
1104 1382 1256 1424 eum
1305 1363 1392 1425 ad
1446 1361 1890 1425 reuerentiam
1951 1362 2283 1439 inuitauit,
2337 1362 2582 1425 aetatis
2639 1380 2798 1424 suae
2841 1379 2958 1421 me-

566 1481 833 1526 morans
911 1460 1453 1546 longaeuitatem,
1512 1465 1630 1528 sed
1693 1485 1858 1528 uoce
1935 1461 2194 1527 ‘Pauli'
2270 1464 2476 1528 etiam
2552 1463 2715 1527 illud
2788 1462 2957 1545 ipsud

462 1579 541 1627 10
567 1564 813 1628 faciens
865 1565 1289 1644 uenerabile;
1356 1569 1471 1649 qui
1535 1568 1715 1630 enim
1793 1566 2169 1632 ‘seniorem'
2220 1568 2432 1643 audit,
2481 1566 2762 1630 Paulum
2817 1565 2960 1628 scire

565 1675 830 1750 poterat
875 1688 957 1731 eo
1009 1670 1188 1752 quod
1244 1669 1448 1753 longo
1502 1680 1804 1753 tempore
1872 1671 2139 1753 pietatis
2203 1671 2428 1734 studio
2489 1669 2849 1745 inoleuerit,
2902 1677 2961 1731 et

566 1772 778 1835 multa
826 1771 1022 1836 fuerit
1060 1770 1187 1836 hac
1238 1774 1325 1836 de
1372 1793 1575 1836 causa
1626 1793 1880 1854 passus,
1971 1772 2314 1837 inchoauit
2366 1774 2548 1837 enim
2601 1773 2962 1856 praedicare

562 1875 985 1959 euangelium
1015 1897 1168 1939 cum
1201 1875 1420 1940 adhuc
1452 1886 1630 1941 esset
1658 1876 2044 1942 adolescens
2069 1899 2085 1955 ;
2133 1877 2418 1942 occurrit
2458 1898 2618 1940 uero
2661 1878 2730 1940 in
2759 1895 2964 1939 senec·

561 1980 727 2043 tutis
774 1989 1065 2044 aetatem
1120 2001 1387 2064 semper
1433 1981 1705 2046 Christo
1751 1982 1819 2046 in
1869 1982 2290 2064 passionibus
2335 1983 2717 2065 persistens,
2805 1978 2964 2040 unde

459 2091 530 2159 15
565 2103 646 2145 ne
676 2104 798 2166 per
825 2093 1116 2148 aetatem
1150 2105 1303 2149 eum
1335 2085 1642 2150 absolute
1671 2087 2010 2150 uideretur
2036 2086 2335 2164 suadere,
2369 2085 2622 2168 optime
2655 2082 2929 2150 adiecit:

694 2253 863 2296 nunc
889 2244 1105 2298 autem
1133 2246 1198 2299 et
1223 2235 1481 2299 uinctus
1523 2236 1672 2299 Iesu
1707 2234 1973 2301 Christi.

692 2360 909 2424 solum
970 2359 1097 2426 hoc
1158 2381 1292 2426 non
1352 2362 1625 2425 dicens:
1690 2363 2043 2426 ‘erubesce
2091 2370 2505 2427 senectutem
2555 2371 2622 2426 et
2672 2361 2966 2424 canitiem

564 2463 632 2525 in
681 2462 959 2527 uinculis
1004 2465 1474 2541 connutritam,
1530 2473 1600 2528 et
1645 2473 1939 2529 aetatem
1990 2465 2084 2528 sic
2127 2463 2403 2547 longam
2454 2465 2521 2531 in
2566 2464 2968 2546 passionibus

564 2564 691 2629 illis
720 2587 893 2649 quae
924 2586 1045 2649 pro
1089 2567 1353 2632 Christo
1392 2577 1550 2632 sunt
1591 2567 1983 2632 educatam.²
2073 2575 2143 2631 et
2183 2568 2342 2649 quia
2385 2567 2609 2631 multis
2643 2588 2738 2630 ex
2768 2565 2968 2631 causis

453 2685 537 2732 20
563 2670 849 2733 eundem
881 2670 967 2734 ad
1001 2672 1439 2735 reuerentiam
1469 2670 1798 2749 inuitauit,
1832 2672 1919 2736 ad
1951 2671 2369 2754 propositum
2402 2671 2709 2736 recurrit:

693 2822 935 2887 obsecro
964 2832 1023 2887 te
1035 2834 1161 2906 pro
1193 2844 1324 2886 meo
1335 2822 1505 2907 filio.

667 3025 697 3074 3
728 3009 797 3061 sis
822 3008 939 3075 (for
958 3008 1073 3074 sim)
1099 3027 1132 3061 r
1368 3026 1400 3077 9
1433 3011 1547 3062 uoci
1570 3003 1648 3062 'C'
1677 3009 1690 3076 Ι
1719 3010 1884 3076 ipsum
1912 3011 1955 3060 C
1977 3011 2127 3073 (corr)
2152 3024 2184 3058 r

566 3091 749 3141 Paulus
772 3106 805 3138 r
1003 3105 1061 3154 13
1093 3091 1289 3141 adesset
1313 3092 1431 3156 (for
1449 3093 1565 3143 adh.
1596 3093 1748 3153 esset)
1777 3091 1855 3142 C·

564 3189 657 3224 nec
684 3172 801 3238 (ἡν
821 3171 903 3236 ne)
931 3171 1011 3222 C*
1036 3189 1069 3221 r
1324 3188 1379 3237 ¹7
1414 3190 1516 3223 non
1539 3189 1620 3225 om
1647 3174 1693 3225 C
1712 3174 1861 3236 (corr)

567 3260 602 3307 l.
628 3255 676 3322 5)
701 3273 779 3306 om
805 3272 836 3303 r

2420 3024 2483 3062 10
2514 3012 2856 3063 uenerabilem
2880 3010 2950 3075 C!

2062 3108 2120 3154 14
2153 3091 2206 3141 in
2232 3090 2342 3156 (bes
2352 3091 2574 3155 Christo)
2592 3094 2707 3142 add
2721 3110 2757 3143 r
2923 3108 2972 3154 15

2114 3189 2173 3242 ¹9
2194 3189 2268 3239 sq.
2290 3182 2340 3223 et
2364 3174 2741 3239 quia...faciens
2765 3174 2842 3240 (p.
2872 3176 2969 3233 281,

634 3436 680 3484 3.
748 3420 865 3469 talis
897 3436 1012 3469 cum
1047 3421 1142 3469 sim
1174 3421 1351 3485 qualis,
1388 3417 1722 3483 &c.]=rocoi'1·

566 3520 647 3552 τος
671 3500 733 3551 ὢν
756 3502 834 3552 ὡς.
896 3502 1046 3552 Latin
1066 3503 1306 3561 versions‚
1335 3507 1368 3530 ⁸‘
1382 3518 1497 3551 cum
1519 3501 1588 3551 sis
1611 3502 1725 3551 talis

567 3583 671 3635 ut.'’
741 3584 843 3634 For
879 3584 1044 3635 senior
1080 3581 1395 3646 (πρεσβύτης)
1439 3583 1558 3647 they
1598 3582 1726 3633 have

1824 3419 2012 3484 simply
2042 3417 2121 3468 sor
2152 3419 2217 3468 its
2254 3433 2371 3468 own
2403 3417 2540 3477 salte,
2577 3419 2671 3473 but
2703 3420 2810 3471 still
2851 3437 2976 3471 more

1825 3514 1892 3547 on
1914 3506 2127 3549 account
2143 3497 2204 3548 of
2218 3497 2304 3548 the
2320 3498 2445 3563 long
2458 3513 2636 3548 course
2650 3498 2714 3549 of
2736 3500 2975 3550 Christian

1824 3580 2012 3631 service
2046 3581 2149 3630 and
2183 3580 2424 3646 suffering
2461 3580 2625 3631 which
2665 3581 2709 3633 it
2753 3582 2977 3648 implies.'

573 3662 831 3717 “senex.'’

634 3766 682 3809 4.
774 3747 875 3796 sola
926 3745 1085 3795 Paula·
1135 3744 1461 3810 nuncupatio]
1536 3745 1727 3796 Thdt.=

568 3830 728 3892 βλέπε
747 3827 820 3877 τίς
842 3824 867 3877 ὁ
889 3824 1054 3875 αἰτῶν·
1088 3824 1228 3889 ἀρκεῖ
1246 3827 1301 3876 δὲ
1322 3826 1355 3885 ἡ
1376 3826 1461 3875 τοῦ
1493 3824 1727 3886 ὀνόματος

568 3910 733 3972 μνήμη
760 3910 1040 3959 καταιδέσαι
1073 3911 1151 3959 καὶ
1183 3910 1268 3959 τὸν
1300 3910 1412 3958 λίαν
1442 3907 1716 3960 ἀντίτυπον.

570 3993 721 4044 Oec.:
766 3988 900 4054 ἤρκει
933 3992 986 4039 δὲ
1021 3985 1139 4040 αὐτὸ
1171 3987 1313 4039 τοῦτο
1345 3988 1489 4049 μόνον
1522 3992 1641 4055 πρὸς
1670 3992 1728 4040 τὸ

571 4075 753 4122 πεῖσαι.
827 4072 911 4121 On
934 4070 1075 4121 Th.’s
1106 4070 1407 4121 admiration
1434 4071 1493 4121 os
1522 4072 1577 4122 S.
1603 4070 1729 4121 Paul

570 4171 653 4205 see
677 4165 713 4203 1.
738 4169 786 4218 p.
810 4153 948 4202 lxvii.

636 4233 682 4285 6.
760 4250 882 4282 nam
928 4232 1404 4295 omne...inu1·tauit]
1480 4233 1627 4284 Cited
1660 4235 1730 4298 by

574 4314 840 4370 Lansranc,
864 4313 1032 4377 freely.

644 4410 718 4445 ιο.
778 4394 872 4458 qm·
887 4394 1020 4443 enim
1043 4394 1300 4443 ‘seniorem
1313 4394 1326 4412 '
1344 4393 1500 4450 audit,
1519 4394 1597 4452 P„
1615 4394 1729 4454 &c.]

579 4479 593 4501 ⁸
612 4476 669 4523 In
702 4474 822 4523 such
850 4490 880 4522 a
903 4489 1017 4522 man
1042 4474 1125 4521 old
1150 4490 1242 4537 age
1266 4475 1307 4523 is
1330 4475 1610 4534 venerable,
1640 4484 1726 4524 not

1826 3661 1939 3711 The
1974 3661 2118 3712 other
2157 3668 2546 3713 commentators
2584 3662 2737 3712 think
2776 3666 2894 3727 only
2931 3662 2984 3713 of

1828 3742 1916 3791 the
1935 3757 2031 3805 age
2051 3741 2111 3792 of
2133 3742 2219 3793 the
2241 3742 2458 3807 Apostle
2478 3758 2536 3793 as
2556 3742 2608 3792 in
2635 3743 2780 3793 itself
2803 3744 2979 3807 adding

1827 3824 2053 3889 strength
2074 3830 2131 3874 to
2152 3824 2229 3874 his
2250 3824 2469 3888 appeal;
2501 3839 2549 3873 e.
2558 3838 2611 3888 g.
2643 3824 2802 3875 Thdt.
2817 3843 2833 3875 ε
2865 3826 2977 3875 am·

1828 3906 1982 3963 σθητε
2025 3902 2244 3966 Παῦλον,
2277 3905 2537 3965 αἱδέσθητέ
2577 3923 2672 3962 μου
2714 3906 2775 3956 τὸ
2816 3903 2977 3968 γῆρας,

1829 3986 2086 4045 αἰδέσθητε
2130 3987 2196 4034 τὰ
2238 3985 2392 4044 δεσμὰ
2431 3983 2555 4049 ἅπερ
2599 3986 2662 4037 ὡς
2704 3984 2856 4050 κῆρυξ
2903 3983 2981 4046 τῆς

1827 4063 2052 4126 ἀληθείας
2075 4067 2361 4130 περίκειμαι.
2749 4054 2756 4062 ’
3084 4068 3085 4083 ’

1901 4147 1976 4199 18.
2029 4146 2866 4213 connutnYam1=cvvrpefioubrwss

1897 4246 1977 4281 αι.
2025 4238 2125 4296 pro
2154 4247 2255 4283 meo
2269 4231 2588 4297 filio1=repl
2618 4231 2706 4281 ‘ro-‘5
2736 4232 2861 4292 ἐμοὶῖ
2886 4233 2979 4282 rex-

1831 4327 1929 4361 νου.
2005 4311 2076 4362 So
2112 4312 2179 4361 Ο.
2195 4312 2258 4360 L.
2295 4313 2397 4362 and
2436 4310 2721 4378 Vulg.⁰¹⁶⁸¹¹-;
2758 4313 2980 4367 Hieron„

1830 4394 1970 4453 Am„
2008 4393 2180 4453 Fuld„
2225 4410 2365 4444 more
2411 4395 2666 4459 precisely,
2715 4396 2832 4447 “de
2874 4411 2979 4445 meo

1829 4474 1985 4523 filio.”
