3142 5100
286 352 351 416 266
599 322 851 413 'runononus
875 352 1167 415 uorsussrsuus
1242 322 1246 327 ¹

282 537 395 619 itaque
421 537 577 601 uidentur
604 537 684 601 mihi
709 538 837 602 adhoc
862 537 915 603 uel
943 540 1092 604 maxime
1114 539 1301 622 respexisse
1321 538 1352 601 hi
1376 536 1472 620 quiin

283 640 463 721 primordio
478 642 521 705 de
537 641 687 723 legendis
707 641 740 704 in
764 641 905 706 ecclesia
925 642 1075 724 epistolis
1095 641 1289 707 statuebant
1308 643 1430 707 iussisse
1443 654 1474 707 ut

286 746 349 808 ista
372 743 514 826 epistola
533 745 566 807 in
583 743 724 807 ecclesia
740 743 906 826 legeretur
927 746 1012 810 sicut
1035 754 1070 809 et
1092 756 1231 821 ceterae,
1246 767 1288 809 eo
1309 749 1393 829 quod
1414 747 1476 829 plus

284 868 386 931 quam
403 858 532 910 ceterae
547 847 708 930 epistolae
727 847 810 912 haec
826 848 968 930 epistola
983 848 1209 914 humilitatem
1232 851 1348 915 docere
1363 858 1477 932 poterat

254 967 270 1034 5
286 952 461 1015 auditores.
507 971 585 1014 nam
602 970 668 1014 non
691 960 742 1014 est
757 951 865 1014 simile
881 961 919 1014 ut
934 953 977 1016 ad
999 953 1163 1035 integram
1179 951 1350 1017 ecclesiam
1366 953 1405 1015 de
1418 963 1476 1014 tarn

287 1053 417 1135 magnis
433 1055 575 1136 negotiis
590 1055 736 1118 scribens
752 1038 943 1117 humiliaret
955 1075 990 1118 se
1004 1075 1012 1131 ;
1034 1057 1093 1119 sed
1110 1056 1173 1120 hoc
1188 1066 1241 1121 est
1256 1056 1477 1131 demirandum,

286 1160 377 1243 quod
398 1160 441 1221 ad
466 1177 570 1220 unum
591 1156 738 1220 scribens
760 1165 794 1219 et
817 1155 906 1220 hunc
928 1158 1130 1240 discipulum
1153 1169 1188 1223 et
1211 1179 1279 1223 non
1300 1160 1381 1222 adeo
1400 1178 1477 1239 egre·

286 1263 388 1343 glum,
404 1270 439 1323 et
454 1261 497 1323 de
512 1269 582 1323 tarn
600 1258 664 1322 leui
681 1260 824 1340 negotio
870 1261 961 1341 quod
977 1281 1054 1324 curn
1071 1271 1167 1326 tanta
1179 1262 1366 1329 humilitate
1380 1265 1478 1328 iecisse

287 1364 427 1438 uidetur,
438 1365 481 1427 de
497 1363 560 1426 illis
575 1363 605 1425 ei
622 1364 784 1446 imperare
802 1363 943 1448 [nolens]
960 1386 1102 1448 quorum
1120 1377 1270 1450 potestas
1287 1389 1384 1452 penes
1399 1368 1477 1430 illurn

236 1481 276 1529 10
288 1487 359 1530 esse
374 1467 558 1531 uidebatur.
603 1468 646 1531 de
669 1467 719 1529 his
742 1477 776 1530 et
799 1486 889 1530 nunc
910 1469 1062 1550 superius
1083 1470 1166 1545 dixi,
1186 1473 1278 1552 quod
1300 1492 1365 1536 non
1379 1494 1479 1537 omnes
1534 1544 1535 1547 Ἴ

287 1571 438 1635 similiter
462 1573 604 1635 arbitror
633 1574 782 1654 potuisse
812 1573 1006 1655 perspicere
1051 1595 1130 1638 nam
1161 1575 1238 1639 hinc
1269 1579 1349 1641 disci
1384 1587 1479 1659 potest
1534 1556 1535 1593 ³

286 1695 388 1756 quarn
405 1697 564 1759 magnum
583 1674 709 1740 bonum
729 1687 779 1740 est
799 1698 878 1760 erga
898 1688 1033 1741 sanctos
1049 1678 1207 1744 exhibere
1223 1681 1479 1756 sollicitudinem

287 1781 378 1863 quod
403 1780 615 1843 manifestum
642 1779 703 1844 tibi
724 1800 797 1843 esse
818 1779 964 1863 [potest]‚
980 1782 1080 1844 etiarn
1097 1781 1194 1846 nobis
1215 1803 1283 1847 non
1304 1784 1479 1848 dicentibus

287 1886 387 1949 ualde
405 1885 521 1948 laudat
546 1883 773 1975 Philemonem
789 1883 852 1945 hac
868 1884 940 1965 ipsa
955 1885 998 1947 de
1013 1905 1122 1948 causa
1168 1886 1325 1969 incipiam
1349 1907 1423 1950 uero
1440 1887 1481 1948 in·

236 2007 271 2074 15
288 1991 561 2073 terpretationem
592 1988 756 2071 epistolae
782 2008 843 2072 per
868 1998 981 2071 partes
1003 1987 1120 2065 facere,
1145 1999 1184 2053 ut
1210 2010 1256 2054 ex
1284 1991 1363 2073 ipsis
1383 1987 1480 2052 uerbis
1535 2056 1536 2087 1

287 2094 429 2176 perspici
453 2093 559 2176 possit
580 2092 671 2156 beati
693 2090 788 2154 Pauli
812 2111 930 2155 sensus
949 2092 1007 2173 qui
1031 2093 1065 2155 in
1087 2091 1177 2156 hisce
1197 2101 1332 2157 tenetur
1349 2096 1481 2177 scriptis;
1535 2090 1536 2181 l

338 2249 348 2283 1
368 2233 466 2283 uidetur
477 2229 523 2294 Hi
538 2229 656 2295 quoniam
669 2228 728 2292 (sir
737 2228 780 2293 qui
792 2228 828 2289 in)
840 2229 875 2278 rr
936 2245 949 2279 ι
967 2228 1110 2293 primordiis
1122 2228 1165 2293 rr}
1180 2230 1315 2296 diligendis
1326 2232 1421 2294 (sirie
1431 2230 1480 2294 regi
1535 2194 1536 2237 l

289 2318 311 2367 C
321 2318 355 2367 H
479 2330 493 2377 3
510 2315 554 2364 illu
567 2314 623 2378 (fer
638 2313 695 2377 ista)
710 2313 732 2362 C
743 2311 748 2377 l
764 2313 859 2377 legetur
870 2313 903 2361 H
1020 2327 1034 2374 5
1052 2312 1188 2362 uerisimile
1197 2330 1215 2361 r
1335 2312 1351 2363 6
1367 2314 1481 2362 humiliare

287 2400 320 2449 II
328 2397 331 2462 l
347 2404 384 2448 est
395 2414 434 2447 em
445 2398 478 2446 H
480 2396 494 2422 *
509 2396 513 2460 Ι
528 2395 709 2446 demiraculum
720 2411 736 2443 r
851 2396 866 2444 8
888 2402 914 2444 et
924 2410 963 2444 om
976 2409 992 2442 r
1110 2407 1126 2458 9
1143 2394 1232 2444 nolens
1242 2411 1282 2443 om
1296 2395 1318 2445 C
1327 2395 1360 2444 H
1366 2394 1397 2456 [i]
1408 2414 1414 2443 :
1427 2394 1481 2456 conj.

288 2480 363 2530 Piera
464 2494 494 2529 ro
509 2479 541 2528 de
552 2476 761 2542 his...poterimus
773 2474 814 2541 (p.
830 2475 886 2540 267,
900 2477 917 2526 l.
933 2474 957 2540 α)
970 2493 1009 2526 om
1021 2494 1037 2525 r
1049 2474 1054 2541 Ι
1068 2492 1120 2525 non
1132 2476 1191 2541 (ser
1205 2478 1283 2537 nunc)
1297 2476 1335 2527 C*
1348 2478 1381 2526 H
1457 2490 1481 2537 13

286 2569 370 2628 potest
381 2577 420 2610 em
434 2561 499 2610 CH
594 2575 624 2622 14
640 2559 706 2609 hanc
717 2559 750 2608 H

287 2688 389 2737 interest
412 2702 440 2736 or
467 2700 575 2734 concern
602 2683 630 2733 in
656 2683 723 2733 their
749 2682 870 2733 welsare'
918 2682 987 2732 Dice.
1001 2682 1225 2747 aycharium.
1240 2682 1266 2731 ii.
1279 2682 1408 2747 928—301.
1436 2681 1483 2730 Tne

288 2770 407 2819 Contrast
426 2768 484 2816 Ter.
504 2767 598 2815 Heaut.
615 2766 634 2815 i.
656 2781 677 2815 r.
698 2780 743 2828 ²5²
768 2766 869 2814 “homo
918 2778 1036 2829 presence
1051 2764 1081 2813 of
1094 2763 1144 2813 this
1160 2763 1259 2828 Epistle
1275 2764 1301 2812 in
1319 2763 1361 2812 the
1374 2777 1447 2811 moon
1460 2760 1486 2809 oi
1536 2779 1537 2842 p

288 2863 357 2899 sum:
374 2849 478 2898 humani
493 2847 556 2897 nihil
571 2862 586 2896 a
599 2862 640 2896 me
654 2846 764 2896 alienum
780 2842 870 2911 puto.”
919 2846 962 2895 the
974 2845 1076 2895 Peshito
1091 2846 1141 2894 and
1152 2844 1181 2894 os
1194 2845 1238 2895 the
1256 2845 1308 2895 Old
1325 2846 1398 2895 latin
1411 2844 1479 2907 [rer
1536 2885 1537 2890 ,

289 2930 394 2995 Persecti
410 2946 491 2979 seems
509 2937 535 2978 to
552 2929 624 2978 stand
636 2928 695 2978 here
712 2928 749 2977 lor
764 2925 868 2977 raherei·
917 2925 976 2974 adu.
1000 2926 1083 2974 Marc.
1108 2936 1134 2972 v.
1153 2924 1197 2986 αι]
1218 2926 1320 2974 renders
1335 2925 1355 2975 it
1376 2922 1483 2991 potante

288 3013 368 3072 ηαθαί,
388 3027 417 3059 or
434 3010 477 3060 the
495 3010 559 3064 litei
576 3008 608 3059 cs.
626 3009 669 3058 the
686 3008 809 3057 technical
826 3023 870 3056 use
918 3008 972 3056 that
986 3007 1006 3055 it
1019 3023 1070 3056 was
1084 3007 1186 3070 already
1197 3008 1258 3056 read
1273 3007 1299 3057 in
1315 3006 1359 3057 the
1370 3004 1484 3056 Churches

290 3093 319 3142 ol
335 3092 509 3157 perfectissimi
530 3091 610 3140 under
629 3091 672 3140 the
694 3091 757 3139 later
774 3089 870 3153 empire
918 3089 947 3138 of
963 3088 1148 3138 Palestineund
1163 3087 1247 3137 North
1262 3087 1348 3138 Africa
1359 3087 1437 3136 before
1447 3086 1482 3134 the

291 3174 423 3240 (Dueange
433 3190 451 3223 s.
464 3175 510 3233 a).
918 3167 967 3216 end
979 3166 1008 3215 ol
1022 3166 1065 3215 the
1076 3166 1168 3216 second
1178 3174 1293 3229 century.
1326 3166 1367 3215 On
1379 3166 1420 3214 the
1430 3171 1483 3211 ‘'nn-

326 3272 346 3306 1.
390 3253 529 3319 respexisse]
565 3254 641 3303 From
664 3253 713 3303 this
735 3253 808 3316 point
827 3252 870 3301 the
918 3245 1484 3313 tiquityofthelectionarysystem,”inwhich

291 3337 414 3387 llurleian
434 3336 490 3385 MS.
511 3335 532 3384 is
550 3350 619 3384 more
635 3350 664 3383 or
681 3334 729 3383 less
740 3333 870 3397 imperfect
918 3332 961 3382 the
972 3332 1022 3398 Ep.
1032 3339 1060 3382 to
1067 3331 1390 3396 Philemonseemsalways
1398 3341 1423 3380 to
1430 3329 1485 3377 hare

290 3418 332 3484 (cl.
354 3431 373 3468 1.
395 3434 419 3483 p.
438 3417 506 3476 xxv),
527 3417 578 3464 and
596 3416 628 3465 its
646 3416 781 3478 testimony
799 3430 870 3464 occa·
917 3413 995 3464 found
1015 3430 1031 3462 a
1050 3413 1130 3478 place,
1149 3429 1191 3463 see
1208 3414 1318 3478 Burgon.
1335 3414 1397 3462 last
1413 3411 1485 3460 tuda

290 3502 398 3566 sionally
419 3500 532 3563 wanting
553 3515 583 3548 or
604 3498 741 3548 uncertain.
785 3498 871 3547 Three
918 3495 1154 3559 uersesosS.Mark,
1162 3512 1187 3560 p.
1198 3509 1298 3560 194sq.;
1311 3493 1485 3550 Scrivenerdu·

291 3587 374 3636 leaves
391 3585 456 3634 have
474 3583 614 3648 altogether
631 3581 812 3648 disappesred3
829 3595 871 3630 see
917 3577 1064 3633 traducum,
1077 3592 1102 3640 p.
1112 3574 1159 3638 693
1177 3574 1482 3635 succumbimus

291 3669 382 3724 below,
391 3682 416 3732 p.
432 3679 488 3728 270,
500 3666 516 3714 L
530 3679 552 3729 7,
566 3673 635 3715 note.
919 3655 1052 3720 περικοπῆς
1064 3657 1114 3706 and
1123 3657 1162 3707 sor
1170 3657 1213 3707 the
1221 3657 1357 3722 lectionary
1363 3674 1406 3708 use
1412 3656 1440 3705 os
1443 3655 1485 3706 this

324 3749 354 3797 δι’
371 3747 461 3813 quiin
476 3743 700 3810 primordiato]
729 3743 768 3793 Cl.
790 3744 869 3793 Conc.
920 3739 1236 3805 EpisileseeMatih’atN.
1251 3737 1484 3805 T..iii.pp.16‚491.

291 3830 372 3879 Laod.
398 3844 454 3876 can.
478 3841 523 3892 59:
555 3821 594 3876 ὅτι
621 3824 647 3874 αδ
676 3825 713 3872 δεῖ
742 3825 872 3873 ἰδιωτικούς
953 3837 976 3884 5.
1005 3839 1056 3873 nen
1073 3830 1109 3873 est
1126 3824 1209 3873 simile
1230 3831 1267 3882 ut,
1289 3823 1346 3884 dic-l
1387 3823 1422 3871 ‘It
1438 3821 1486 3870 isa

293 3913 402 3977 ψαλμοὺς
428 3911 544 3971 λέγεσθαι
569 3910 595 3957 ἐκ
619 3903 651 3968 τῇ
671 3907 790 3966 ἐκκλησὶα
816 3903 871 3955 οὐδὲ
919 3903 1034 3954 different
1045 3912 1136 3953 matter
1147 3902 1187 3952 sor
1195 3903 1238 3953 the
1247 3903 1352 3968 Apostle
1362 3910 1389 3952 to
1399 3901 1486 3966 display

291 3988 437 4041 ἀκακόσιστα
450 3991 545 4052 βιβλία,
560 3985 624 4036 ὀλλδ
638 3986 701 4046 μόνα
715 3989 747 4036 τὸ
760 3988 871 4035 evortit
919 3986 1114 4036 condescension
1143 3986 1217 4035 when
1241 3985 1275 4035 he
1302 3986 1323 4035 is
1350 3984 1445 4048 writing
1463 3991 1485 4031 to

292 4070 334 4133 τῆς
351 4069 430 4131 καιιῆς
445 4073 485 4120 καλ
504 4068 607 4119 παλαιαῖς
622 4067 742 4129 διαθήκης.
772 4070 809 4118 Ιθ.
823 4067 871 4118 60:
920 4069 1050 4118 Churches
1066 4068 1116 4117 and
1134 4085 1168 4117 on
1186 4067 1269 4118 affairs
1285 4068 1315 4117 ol
1328 4062 1486 4133 importante'

291 4157 339 4207 ὅσα
356 4158 393 4204 δεῖ
406 4154 493 4217 βιβλία
510 4147 716 4211 ἀναγινώσκεσθαι
732 4146 774 4209 τῆς
791 4148 872 4209 καινῆς
920 4150 996 4201 Card-
1012 4150 1081 4200 Pina
1097 4150 1176 4215 prints
1190 4150 1325 4199 vmke'neele
1339 4148 1402 4199 after
1417 4146 1484 4202 Rau,

292 4237 405 4298 διαθήκης
427 4233 665 4285 ταῦτα.,.ἐσιστολαδ
689 4232 789 4282 Παύλου
808 4233 870 4282 ιδ’...
919 4233 964 4283 but
987 4232 1093 4282 without
1116 4233 1174 4283 MS.
1202 4232 1342 4296 authority;
1363 4231 1444 4295 letius
1466 4243 1487 4277 se

293 4317 350 4383 πρὸς
361 4313 485 4377 Φιλήμονα
497 4313 516 4365 α’
520 4350 526 4363 .
551 4315 604 4376 [οα
616 4315 658 4363 the
669 4313 835 4376 authenticity
845 4311 875 4361 ol
920 4313 1003 4363 which
1013 4313 1045 4362 he
1057 4314 1122 4362 edits
1137 4312 1174 4362 t'or
1185 4315 1295 4377 potuisse
1305 4312 1358 4363 inl
1373 4328 1398 4362 11
1412 4311 1487 4362 isalso

292 4417 348 4451 cais.
368 4399 401 4449 60
415 4398 447 4448 cl.
462 4398 585 4446 Westcott
607 4396 647 4445 On
666 4397 705 4444 the
727 4395 822 4453 Canon,
843 4410 867 4458 p.
920 4394 1099 4458 unsupported.

293 4497 339 4544 ⁴01
364 4497 412 4543 sip,
436 4478 536 4534 Helele,
558 4477 584 4526 ii.
611 4491 715 4539 323-5,
740 4476 867 4534 Fsoulkes,
955 4491 993 4525 ro.
1026 4474 1139 4538 superins
1149 4473 1217 4536 dixe]
1251 4473 1292 4525 Ci.
1306 4491 1330 4539 p.
1345 4473 1397 4524 261.
