3142 5100
280 392 323 457 34
607 385 837 438 rnnonouus
860 386 1154 439 uorsuasrauus
1306 375 1358 460 [V.
1374 376 1495 441 6-10.

276 560 391 624 simus.
435 556 494 640 qui
514 556 601 622 enim
624 556 799 635 dormiunt,
825 568 912 622 nocto
932 557 1113 637 dormiunt,
1135 568 1168 623 rt
1191 561 1251 642 qui
1275 561 1493 639 inebriantur,

278 670 365 725 nocte
386 661 617 736 imbrr'ontur,·
638 682 696 725 uos
708 671 826 739 autem,
842 660 901 744 qui
913 659 983 724 diei
999 682 1121 740 sumus,
1136 662 1239 727 sobrii
1251 665 1363 742 simus,
1380 666 1498 730 induti

279 762 412 826 loricam
427 762 514 847 fidei
537 773 569 826 et
596 762 746 826 caritatis
769 772 802 826 et
820 763 954 846 galeam
982 765 1051 846 spei
1071 767 1198 831 solutis.
1242 769 1397 849 quomam
1427 790 1494 832 non

271 864 385 946 posuit
397 885 456 927 nos
468 863 560 928 Deus
574 865 610 929 iu
626 864 721 941 iram,
736 865 796 928 sod
807 864 843 929 iu
853 865 1103 949 adquisitionem
1117 867 1236 932 solutis
1242 879 1306 951 por
1320 871 1494 934 dominum

250 977 265 1044 5
280 980 426 1034 nostrum
441 967 550 1033 losum
568 968 742 1045 Christum,
758 969 817 1052 qui
830 981 978 1033 mortuus
991 982 1040 1033 ost
1045 982 1109 1054 pro
1124 971 1221 1049 nobis,
1237 981 1275 1037 ut
1294 973 1364 1037 sim
1378 973 1495 1056 uigile-

279 1099 361 1154 mus,
376 1077 447 1140 sim
459 1074 671 1152 dormiamus,
686 1072 791 1137 simul
801 1094 873 1136 cum
889 1073 946 1136 illo
960 1072 1123 1138 uiuamus.

345 1201 503 1266 conuenit
514 1200 617 1283 igitur
627 1220 687 1264 nos
697 1200 757 1264 tali
772 1209 1001 1267 remuneratos
1015 1202 1153 1266 scientia
1164 1201 1301 1285 uigilare
1311 1212 1346 1268 et
1360 1202 1493 1267 sobrios

280 1324 353 1368 esse
373 1324 452 1388 erga
469 1302 601 1367 illorum
624 1302 843 1386 diligentiam,
857 1324 944 1385 quae
960 1304 1057 1368 nobis
1072 1304 1284 1369 conueniunt
1334 1306 1377 1369 ad
1401 1304 1513 1388 [dor-s

281 1405 468 1488 mien]dum
486 1404 649 1490 [quidem]
667 1415 865 1470 nocturnum
882 1417 1016 1490 tempus
1032 1407 1128 1471 nobis
1145 1409 1252 1491 magis
1274 1418 1324 1474 est
1340 1430 1494 1474 necessa·

229 1531 268 1578 10
281 1512 364 1575 rium
381 1521 415 1576 et
431 1511 473 1575 ad
490 1509 707 1586 ebrietatem;
729 1508 833 1574 latere
854 1511 942 1574 enim
962 1512 1085 1594 poterit
1106 1511 1203 1576 facile
1219 1513 1246 1576 is
1261 1516 1318 1597 qui
1334 1516 1411 1579 talis
1428 1523 1492 1579 est.

279 1613 355 1677 illos
371 1634 450 1676 uero
465 1612 522 1696 qui
542 1632 602 1694 per
620 1612 846 1695 cognitionem
873 1623 1047 1697 tamquam
1069 1613 1102 1676 in
1123 1614 1178 1678 die
1202 1615 1269 1678 iam
1293 1618 1492 1692 consistunt,

185 1725 187 1729 ’
279 1719 406 1785 sobrios
423 1738 494 1781 esse
506 1717 661 1781 conuenit
673 1726 709 1780 et
721 1716 899 1799 uigilantes
915 1737 993 1801 erga
1007 1716 1119 1781 studia
1135 1718 1305 1795 uirtutum,
1321 1721 1416 1802 quasi
1433 1719 1492 1804 qui

279 1832 314 1888 et
325 1822 358 1884 in
371 1819 437 1883 diei
449 1828 600 1901 tempore
611 1828 857 1895 conuersantur,
868 1820 901 1882 in
913 1841 980 1903 quo
993 1840 1100 1903 neque
1112 1818 1215 1884 latere
1226 1842 1430 1904 quemquam
1447 1822 1493 1884 sit

279 1925 448 2010 possibile,
459 1924 486 1987 si
499 1932 612 1988 tamen
628 1923 752 2006 aliquid
769 1944 814 1987 ex
830 1923 893 1987 illis
909 1943 996 2006 quae
1011 1944 1077 1987 non
1089 1924 1293 1988 conueniunt
1308 1924 1493 2008 perfecerit

228 2047 263 2117 15
279 2049 365 2114 quae
380 2037 458 2091 sunt
472 2035 585 2089 autem
601 2024 658 2088 illa
679 2047 789 2109 opera,
806 2046 892 2108 quae
913 2025 1009 2088 nobis
1025 2034 1063 2089 ut
1084 2027 1117 2090 in
1138 2025 1193 2090 die
1213 2023 1492 2089 conuersantibus

278 2132 501 2218 deputemus?
546 2129 646 2193 fidem
668 2129 782 2213 inquio
805 2138 838 2192 et
859 2129 1040 2206 caritatem,
1063 2150 1108 2192 ex
1136 2129 1256 2212 quibus
1282 2148 1361 2211 spes
1391 2129 1492 2192 nobis
1562 2216 1568 2222 ⁸

278 2239 463 2322 adquiritur
482 2234 617 2312 salutis3
633 2234 723 2316 quod
739 2241 773 2296 et
790 2233 955 2295 Dominus
972 2233 1065 2296 Deus
1085 2254 1144 2316 per
1163 2232 1342 2310 Christum,
1357 2234 1414 2317 qui
1430 2255 1493 2318 pro

279 2342 376 2405 nobis
406 2339 572 2420 suscipere
602 2335 707 2399 uoluit
738 2344 889 2411 mortem,
921 2334 1064 2398 salutem
1095 2336 1192 2399 nobis
1216 2336 1391 2417 praeuidit,
1421 2356 1491 2399 non

279 2461 422 2524 poenam
432 2461 440 2520 ;
464 2450 501 2504 ut
517 2438 594 2502 licet
609 2436 793 2501 secundum
805 2446 1015 2521 praesentem
1034 2435 1122 2501 hanc
1137 2438 1242 2500 uitam
1263 2438 1493 2501 habeamur-

328 2615 344 2663 8
368 2628 454 2662 eorum
471 2609 528 2675 (sor
543 2611 653 2670 illorum)
669 2607 749 2675 rlad
753 2648 878 2661 ............
881 2611 940 2660 dum
962 2610 1047 2660 c*H
1074 2613 1106 2662 ad
1124 2613 1299 2662 dormiendum
1322 2613 1418 2661 Ccorr
1439 2613 1494 2674 (but

277 2693 385 2744 without
398 2691 535 2756 completely
537 2691 630 2756 filling
638 2699 673 2755 up
683 2692 724 2740 tlte
732 2691 834 2750 lacuna)
846 2692 877 2740 ad
888 2692 1079 2742 custodiendum
1090 2709 1107 2741 r
1224 2707 1253 2755 14
1270 2708 1336 2757 poss.
1349 2694 1381 2743 sit
1391 2710 1408 2740 r
1420 2690 1425 2758 Ι
1439 2709 1493 2743 non

280 2775 329 2842 (oft
347 2775 377 2839 si)
394 2775 447 2825 odd
463 2773 567 2839 Clcmr)
583 2772 697 2839 leliquot
713 2773 748 2822 H
758 2771 762 2837 Ι
776 2773 893 2837 perficere
913 2774 946 2823 H
1112 2772 1141 2823 16
1158 2774 1261 2837 inquam
1280 2781 1305 2823 et
1325 2789 1347 2822 c.
1364 2774 1398 2822 H
1410 2774 1446 2823 ait
1466 2775 1492 2823 in

278 2867 398 2925 quoetc.
413 2856 513 2922 pouitr
643 2869 671 2918 17
689 2863 714 2905 et
731 2856 799 2921 quod
816 2864 842 2905 et
856 2855 940 2905 C*H
1062 2857 1091 2905 18
1108 2855 1216 2920 peruidit
1230 2854 1269 2905 C*
1302 2855 1414 2920 prodidit
1431 2856 1493 2918 [sicr

278 2940 387 3006 prouidit
398 2940 448 3002 ?]r

315 3111 336 3145 ι.
369 3095 416 3158 qui
441 3094 607 3155 imit-riantur,
632 3100 706 3156 nocte,
728 3093 788 3157 ba]
824 3096 859 3146 So
911 3094 1042 3160 ingenious
1060 3095 1204 3160 conjecture
1226 3097 1280 3146 that
1299 3097 1336 3146 ad
1350 3097 1492 3147 ciuitatem

280 3177 388 3227 Hieron.
402 3176 441 3237 (in
451 3176 526 3226 Ahar.
543 3175 577 3241 ii).
614 3177 669 3226 Tbe
689 3177 764 3227 O.L
779 3193 860 3227 seems
914 3177 1213 3243 :aduersrrs(rpbs)ebr.
1231 3179 1340 3243 scarcely
1356 3179 1429 3244 helps
1447 3181 1492 3230 the

279 3265 307 3308 to
329 3258 394 3308 have
415 3257 508 3307 striven
530 3265 557 3307 to
582 3257 666 3307 reflect
691 3259 734 3308 the
756 3259 859 3308 distinc·
910 3276 988 3311 sense.
1025 3260 1075 3310 Th.
1097 3276 1184 3310 means
1206 3269 1233 3310 to
1258 3277 1315 3325 say:
1346 3262 1402 3311 “S.
1426 3262 1493 3324 Paul

279 3342 334 3391 tion
356 3342 471 3390 between
498 3341 660 3399 μεθύσκεσθαι
685 3341 735 3390 and
762 3343 858 3400 μεθύειν
909 3343 971 3393 does
992 3349 1037 3392 not
1060 3342 1143 3407 plead‚
1162 3343 1281 3400 ‘Watch
1300 3343 1407 3393 because
1431 3345 1491 3395 itis

280 3424 314 3489 by
321 3417 467 3486 rendering:
487 3422 557 3486 “qui
573 3420 771 3482 inebriantur,
786 3432 860 3473 nocte
910 3422 954 3472 the
965 3423 1145 3487 night-seusun,
1161 3422 1235 3473 when
1246 3439 1304 3473 men
1316 3439 1358 3473 are
1369 3425 1492 3490 specially

280 3505 360 3555 ebrii
382 3502 485 3563 sunt;’'
511 3505 553 3553 the
581 3503 657 3567 Vulg.
685 3519 742 3552 uses
771 3504 860 3552 “ebrii
910 3502 1022 3566 tempted
1035 3511 1061 3552 to
1073 3502 1259 3566 intemperance
1273 3504 1323 3551 and
1335 3505 1400 3553 sloth
1410 3504 1426 3563 3'
1444 3508 1490 3556 but

280 3586 358 3637 sunt’'
370 3586 450 3636 twice.
485 3585 547 3650 Spei
562 3585 583 3634 is
598 3585 722 3649 probably
733 3602 749 3634 a
765 3585 814 3650 slip
826 3602 860 3635 on
913 3584 1029 3643 ‘Watch
1043 3585 1149 3636 beoeuse
1164 3602 1213 3649 you
1225 3602 1267 3635 are
1278 3587 1307 3636 oi
1314 3588 1356 3637 the
1371 3588 1429 3651 day,
1439 3590 1491 3639 and

280 3669 324 3718 the
349 3674 404 3731 part
427 3665 457 3716 οἱ
480 3682 525 3716 our
552 3667 685 3716 translator
712 3682 740 3715 or
767 3667 797 3716 oi
820 3666 860 3717 his
910 3666 936 3715 iu
955 3666 997 3715 the
1014 3666 1125 3730 daytime
1142 3667 1329 3733 intemperante
1350 3671 1403 3718 and
1420 3671 1490 3722 sloth

282 3748 400 3814 copyists
910 3764 952 3798 are
963 3749 1057 3813 wholly
1068 3758 1111 3799 out
1123 3750 1153 3799 os
1161 3749 1249 3816 place!
1256 3749 1272 3774 '’

317 3843 339 3894 7.
374 3828 552 3890 remuneratos]
570 3828 621 3878 For
637 3844 692 3879 exx.
706 3830 735 3879 oi
748 3845 860 3880 rmrum-
946 3829 982 3879 16.
998 3830 1363 3895 deputemus1=adscribamus;
1377 3832 1491 3894 narsen,

283 3914 343 3964 rari
355 3913 440 3978 (pass.)
451 3929 493 3963 see
503 3912 613 3970 R'onsch‚
625 3912 700 3973 Itala,
714 3930 739 3979 p.
753 3928 809 3980 299.
910 3911 985 3970 Italo,
999 3927 1024 3975 p.
1040 3913 1097 3975 358.

315 3997 339 4045 8.
369 3995 405 4043 od
420 3993 595 4044 domumdum
612 3994 722 4059 quadem]
748 3995 798 4045 See
817 4011 859 4044 vv.
944 3991 1041 4056 inquio]
1062 3993 1200 4044 Seevv.ll.
1229 3993 1340 4059 Perhaps
1352 4011 1389 4045 we
1399 3995 1492 4047 should

282 4077 309 4127 ll.
337 4077 394 4127 The
411 4076 504 4126 Corbie
521 4076 666 4126 corrector's
685 4076 767 4142 filling
787 4077 860 4142 upis
910 4072 970 4121 read
998 4072 1160 4138 inquit-air
1179 4075 1263 4125 aloru
1290 4078 1364 4137 φησιν
1383 4078 1425 4126 rat
1446 4082 1494 4141 τὴν

282 4158 411 4210 doubtless
433 4165 535 4217 correct,
559 4173 587 4206 as
609 4157 647 4206 far
665 4173 693 4207 as
711 4159 729 4208 it
745 4174 821 4223 goes3
845 4158 859 4209 1
911 4155 1017 4216 ἀγάπην.

204 4259 211 4266 ·
282 4242 347 4292 have
364 4240 483 4290 ventured
502 4246 528 4288 to
544 4236 668 4302 complete
678 4238 698 4287 it
714 4239 748 4303 by
765 4239 860 4308 adding
945 4254 983 4306 19.
1017 4238 1333 4302 uttuetsecundumtre]
1349 4239 1492 4295 lanfranc:

283 4324 407 4389 equidem
418 4330 445 4371 to
456 4336 560 4386 prepare
571 4318 610 4368 for
621 4319 663 4369 the
678 4335 735 4369 uero
746 4320 775 4370 oi
787 4320 803 4370 l
819 4337 855 4371 ιι.
913 4323 1012 4372 “Amb.
1030 4324 1079 4372 ‘Et
1094 4322 1150 4371 siue
1166 4321 1315 4386 uigilemus:
1330 4324 1356 4373 id
1372 4332 1419 4384 est,
1438 4327 1503 4376 siue·

286 4404 484 4460 Custodmrdum,
503 4403 545 4453 the
561 4402 665 4466 reading
684 4401 714 4451 oi
730 4402 856 4464 Rabanus,
909 4405 1046 4454 secundum
1065 4410 1223 4469 praesentem
1239 4404 1317 4453 uitam
1335 4404 1361 4452 in
1379 4405 1493 4456 aduentu

282 4487 397 4540 stultitias
412 4486 455 4538 the
474 4501 592 4551 passage3
617 4485 667 4535 and
687 4486 727 4536 Dr
746 4485 858 4551 Jacobi's
909 4486 1013 4536 Domini
1024 4487 1162 4537 habeamus
1173 4488 1228 4551 [leg.
1241 4485 1325 4549 -murJ,
1335 4485 1388 4537 siue
1399 4489 1494 4552 egressi
