3142 5100
255 423 700 474 FRAGMENTS
747 425 839 474 OF
887 424 1043 473 THE
1087 424 1478 475 DOGMATIC
1523 424 1788 474 WORKS
1834 424 1928 474 OF
1975 422 2402 474 THEODORE.
2478 423 2601 486 293

199 597 552 659 adunatione
593 617 899 676 personae,
930 596 992 657 in
1020 617 1140 658 una
1180 596 1582 674 adpellatione
1624 595 1807 656 totius
1849 594 2227 656 considerata
2265 591 2396 653 siue
2433 593 2606 652 adsu-

200 692 402 754 mentis
428 694 558 755 siue
587 693 767 756 etiam
804 694 1105 772 adsumpti
1134 706 1357 755 natura.
1426 705 1487 755 et
1518 693 1726 774 (ueluti
1756 692 1841 753 sic
1869 691 2092 770 dicam)
2123 690 2186 751 in
2214 690 2316 750 filii
2345 691 2604 768 adpellae

199 790 349 852 tione
403 792 581 853 simul
636 804 697 852 et
754 794 953 853 Deum
1006 794 1275 852 Verbum
1330 793 1721 869 adpellamus,
1779 802 1840 851 et
1893 791 2277 867 adsumptam
2332 800 2604 850 naturam

198 890 628 969 (quaecumque
670 891 772 951 illa
811 889 911 970 sit)
955 890 1474 968 consignificamus
1517 901 1761 967 propter
1805 886 2237 948 adunationem
2294 905 2476 963 quam
2524 887 2603 946 ad

199 986 352 1048 illum
379 990 581 1050 habet.
2673 1007 2705 1064 5

1247 1115 1428 1172 Boox
1470 1129 1550 1171 vi.

196 1214 345 1297 [Fac.
376 1221 414 1280 l.
433 1238 476 1279 c.
511 1219 575 1296 (“
588 1230 760 1280 sexto
789 1218 1058 1280 eiusdem
1088 1218 1286 1296 operis
1314 1219 1487 1292 libro,
1507 1218 1775 1296 capitulo
1794 1217 1957 1297 liv”).
2006 1219 2097 1279 Cf.
2124 1217 2376 1287 Sachau‚
2396 1236 2451 1292 p.
2479 1216 2599 1296 55⁴!-

307 1332 365 1391 Si
402 1351 543 1410 ergo
579 1331 888 1392 hominem
932 1331 1199 1393 dicentes
1239 1332 1543 1393 Christum
1591 1331 2054 1393 ‘hominicolae'
2091 1331 2293 1393 uocari
2338 1331 2487 1392 iuste.
2523 1332 2599 1392 eis

197 1424 471 1503 uidemur,
503 1431 624 1490 hoc
651 1442 975 1507 antequam
1003 1450 1116 1490 nos
1145 1430 1478 1491 diceremus
1507 1430 1798 1508 scriptura
1824 1431 2033 1492 docuit
2060 1450 2272 1491 omnes
2308 1432 2599 1496 hor-nima

197 1543 294 1600 per
318 1544 388 1585 ea
415 1526 636 1603 quibus
674 1526 982 1586 hominem
1021 1546 1236 1587 uocare
1267 1546 1387 1587 non
1417 1538 1685 1601 recusat;
1726 1527 1881 1586 sicut
1918 1526 2187 1603 superius
2216 1526 2276 1585 in
2305 1528 2599 1604 plerist‘tue

195 1620 330 1680 locis
355 1622 558 1682 uocari
588 1624 707 1684 hoc
733 1623 978 1684 nomine
999 1625 1303 1687 Christum
1333 1625 1722 1686 ostendimus.
1779 1629 1794 1656 ‘
1813 1624 1920 1685 sed
1942 1623 2248 1685 hominem
2271 1624 2599 1702 (inquimuj

198 1737 391 1795 purum
429 1721 702 1782 dicentes
744 1742 874 1783 esse
914 1722 1239 1796 Christum,
1269 1722 1664 1782 hominicolas
1707 1734 1941 1799 oportet
1982 1721 2185 1781 uocari
2204 1724 2237 1780 ’.
2323 1722 2439 1780 hoc
2487 1724 2595 1780 inm
2639 1748 2703 1783 zc-

197 1833 450 1897 apertum
486 1825 874 1885 mendacium
912 1836 1017 1900 est,
1050 1825 1348 1902 siquidem
1384 1825 1506 1887 hoc
1543 1824 1744 1885 dicere
1782 1826 2114 1884 uoluerunt.
2203 1822 2401 1883 nullus
2439 1824 2595 1880 euim

198 1915 505 1993 aliquando
534 1919 686 1979 haec
714 1939 825 1980 nos
855 1920 1051 1981 dicere
1078 1919 1345 1995 audiuit3
1386 1931 1447 1981 et
1478 1931 1630 1998 puto
1667 1939 1865 1997 neque
1901 1919 2048 1980 istos
2087 1918 2386 1996 suscipere
2423 1940 2599 1996 posse

199 2016 417 2076 mentiri
445 2018 833 2078 mendacium
872 2028 995 2077 tam
1028 2029 1316 2095 apertum,
1349 2037 1472 2077 non
1503 2016 1644 2094 quia
1680 2035 1804 2076 non
1844 2015 2085 2092 cognite
2123 2034 2187 2075 se
2228 2014 2487 2074 habeam
2523 2016 2599 2072 nd

200 2115 582 2188 mendacium,
614 2117 723 2176 sed
751 2114 893 2191 quia
928 2113 1198 2192 redargui
1226 2134 1291 2174 se
1318 2134 1497 2191 posse
1538 2112 1818 2173 facillime
1854 2113 2102 2186 uident3
2143 2130 2507 2189 quamquam
2555 2112 2599 2168 si

199 2211 383 2271 minus
433 2212 565 2273 eius
615 2224 799 2285 curet,
846 2223 907 2273 et
954 2213 1071 2273 hoc
1119 2211 1366 2272 forsitan
1410 2212 1736 2289 contingat.
1821 2230 1933 2270 nos
1982 2210 2143 2270 enim
2192 2210 2341 2270 haec
2383 2212 2595 2280 dicere„
2639 2228 2703 2284 15

200 2308 255 2368 id
293 2321 393 2385 est,
438 2309 755 2387 Unigeniti
796 2329 1009 2387 negare
1058 2308 1452 2382 diuinitatem,
1495 2327 1770 2368 summae
1810 2307 1993 2368 furiae
2041 2324 2173 2367 esse
2220 2305 2491 2366 arbitram
2503 2328 2599 2380 iau-3

198 2416 290 2463 aut
328 2405 473 2482 quid
516 2406 638 2465 iam
679 2416 860 2466 restat
900 2425 1006 2465 cur
1044 2406 1121 2466 ab
1162 2403 1474 2465 haereticis
1516 2407 1900 2481 separemur?
1980 2402 2151 2462 cuius
2192 2400 2276 2461 rei
2316 2400 2499 2478 gratia
2543 2412 2603 2460 et

200 2503 333 2562 tales
385 2512 445 2564 et
498 2512 696 2562 tantas
750 2500 1194 2579 persecutiones
1263 2500 1672 2562 sustinemus?
1737 2512 1842 2562 aut
1895 2499 2029 2577 quis
2084 2498 2314 2576 ignorat
2369 2515 2603 2572 semper

198 2600 500 2660 aduersum
559 2620 671 2660 nos
724 2601 803 2661 ab
857 2600 1170 2662 haereticis
1224 2602 1446 2662 bellum
1503 2601 1643 2679 agi?
1724 2621 1906 2661 omne
1960 2604 2266 2662 metallum
2315 2612 2376 2662 et
2423 2620 2601 2660 otone

196 2698 383 2756 locum
422 2698 728 2758 desertum
769 2699 1062 2774 repletum
1102 2709 1193 2759 est
1234 2718 1309 2759 ex
1350 2698 1565 2758 nostris
1607 2697 1950 2759 hominibus
1990 2708 2234 2775 propter
2269 2696 2599 2758 doctrinam
2639 2716 2707 2752 πμ

197 2793 420 2870 pietatis
654 2795 694 2831 ⁴*
938 2794 973 2829 ¹*
1217 2796 1257 2833 Ῥ
1479 2796 1632 2856 haec
1659 2806 1861 2856 autem
1888 2794 2094 2855 omnia
2121 2796 2366 2873 quando
2393 2796 2599 2856 heatus

202 2892 468 2953 Meletius
510 2891 794 2952 sustinuit
833 2890 1074 2968 primus,
1121 2903 1179 2952 et
1220 2913 1359 2952 cum
1401 2893 1505 2953 illo
1546 2892 1772 2954 deinde
1812 2892 1984 2953 multi
2025 2912 2132 2970 per
2172 2892 2507 2971 prouincias¹
2547 2908 2603 2948 et

199 2989 453 3050 ciuitates
504 3001 567 3049 et
609 2991 761 3061 loca,
805 2990 882 3049 ab
922 2990 1251 3064 haereticiS,
1295 2990 1466 3051 cuius
1513 2989 1600 3051 rei
1643 2989 1874 3067 gratia?
1954 3009 2159 3049 nonne
2206 2989 2347 3068 quia
2393 3010 2599 3048 uerum

198 3089 610 3162 praedicabant
655 3086 873 3148 Filium
923 3087 1040 3147 Dei
1083 3090 1163 3148 de
1212 3088 1470 3149 essentia
1516 3099 1767 3165 paterna
1806 3086 2094 3164 genitum,
2143 3106 2378 3166 semper
2427 3089 2599 3145 simul

198 3196 485 3247 extantem
524 3205 664 3247 eum
705 3196 1026 3264 generante
1056 3188 1245 3260 Patre,
1277 3186 1570 3247 addentes
1609 3185 1788 3246 etiam
1827 3186 1905 3246 de
1944 3184 2161 3263 Spiritu
2195 3197 2402 3245 sancto
2443 3189 2599 3261 piam
2635 3205 2703 3257 :5

198 3286 668 3347 confessionem?
748 3284 997 3362 qualiter
1039 3283 1241 3361 itaque
1285 3283 1389 3360 qui
1444 3296 1613 3345 tanta
1659 3295 1901 3362 propter
1954 3284 2111 3344 hanc
2163 3285 2599 3346 confessionem

197 3384 341 3459 passi
368 3405 595 3458 sumuS,
617 3383 978 3443 calumniam
1005 3383 1130 3461 pati
1157 3384 1233 3444 ab
1263 3383 1407 3461 ipsis
1435 3404 1755 3461 possumus
1777 3384 1963 3446 ueluti
1995 3384 2335 3445 ‘hominem
2356 3403 2567 3461 purum
2595 3385 2603 3405 ⁵

197 3481 469 3556 dicenteS,
501 3485 680 3543 rebus
708 3481 852 3560 ipsis
879 3483 1036 3541 hanc
1062 3480 1421 3541 calumniam
1453 3481 1829 3542 manifestam
1859 3481 2393 3560 redarguentibus?

1240 3670 1423 3728 Boox
1465 3686 1569 3727 vn.

203 3787 430 3870 [Leont.
474 3812 517 3851 c.
563 3792 725 3851 chst.
769 3798 825 3850 el
860 3791 1105 3866 Eulych.
1151 3789 1228 3850 iii.
1273 3810 1350 3867 43
1383 3791 1471 3869 (ἐκ
1498 3794 1600 3850 τοῦ
1627 3790 1769 3850 nard
1798 3796 1897 3868 τῆς
1926 3792 2398 3869 ἕνανθρωπήσεως
2427 3801 2523 3857 rm]
2555 3825 2599 3853 κ.

346 3889 506 3964 ἡμῶν
544 3885 606 3945 Ἰ.
653 3892 723 3945 X.
773 3884 956 3968 λόγου
1003 3885 1093 3964 ζ’).
1179 3890 1312 3948 Act.
1366 3890 1555 3949 Conc.
1607 3890 1726 3949 CP.
1781 3888 1837 3948 ii.
1891 3908 1969 3948 ιν.
2022 3910 2099 3967 30
2143 3890 2479 3969 (“eiusdern
2531 3917 2600 3953 cx

349 3986 608 4063 septimo
660 3985 813 4045 libro
868 3986 946 4045 de
1004 3983 1445 4057 Incarnatione‚
1503 3983 1565 4043 in
1623 3985 1839 4062 quibus
1894 3985 2039 4046 dicit
2095 4005 2210 4046 nec
2272 3989 2599 4046 secundum

348 4083 739 4142 substantiam
770 4102 882 4141 nec
909 4082 1238 4142 secundum
1269 4081 1679 4159 operationem
1708 4081 1996 4143 unitatem
2029 4082 2145 4143 Dei
2173 4082 2359 4144 Verbi
2386 4085 2535 4142 sacia
2547 4105 2600 4141 111

349 4199 497 4253 esse,
528 4181 636 4240 sed
665 4180 995 4240 secundum
1024 4181 1247 4241 bonam
1279 4183 1653 4241 uoluntatem
1665 4179 1768 4261 '')].

311 4297 381 4354 El
411 4292 523 4375 γὰρ
559 4292 830 4371 μάθωμεν
864 4276 1016 4357 ὅᾶτως
1050 4292 1091 4371 ἤ
1130 4294 1414 4369 ἔνοίκησις
1450 4295 1685 4376 γίνεται,
1719 4291 1992 4371 εἰσόμεθα
2023 4294 2115 4353 καὶ
2146 4293 2246 4354 τὸν
2272 4293 2483 4373 ϊρ<>”ιι-ιι]ηι-ἰ
2515 4301 2603 4353 mii

199 4392 277 4455 τίς
305 4390 344 4469 ἤ
375 4395 478 4452 τοῦ
511 4389 728 4469 τρόπον
767 4389 1028 4470 διαφορά.
1116 4391 1222 4468 τήν
1256 4393 1447 4452 τοίνυν
1492 4392 1782 4469 ἐνοίκησιν
1824 4392 1878 4451 oi.
1914 4393 2020 4470 μὲν
2054 4389 2229 4471 οὖσίᾳ
2259 4397 2599 4474 γεγενῇσιὲἓω
2635 4417 2707 4469 „3¹3¹

347 4528 402 4576 ¹3
437 4521 652 4578 cognate
672 4514 769 4563 cod.
807 4514 977 4564 Vtron.
1129 4529 1183 4578 ¹5
1219 4513 1290 4563 eis
1312 4514 1411 4563 cod.
1448 4514 1620 4565 Veron.
1775 4530 1831 4565 ἰι
1877 4516 1976 4563 “et
2012 4523 2125 4579 post
2149 4513 2455 4580 aliquanta-'¹⁴
