3142 5100
78 390 132 455 IV.
149 405 176 472 5,
193 391 238 475 6.]
377 405 419 455 m
444 406 495 457 na
517 406 569 456 no
591 406 963 458 rnnssmourceuses
987 406 1009 455 1.
1249 407 1288 471 23

75 578 115 642 ad
130 576 273 643 alteram
290 578 434 643 ulterius
449 581 626 644 intueatur.
656 580 804 662 apertius
817 601 896 644 uero
913 579 1003 644 dixit
1018 600 1081 643 non
1097 579 1133 642 in
1140 578 1291 661 passione

73 683 348 764 concupiscentiae,
364 706 406 747 eo
420 686 510 767 quod
526 685 590 749 ista
606 705 709 766 agens
728 704 795 749 non
818 684 915 767 quasi
936 683 1035 746 uxori
1058 703 1138 745 suae
1159 683 1290 746 iunctus

74 806 142 849 esse
158 787 304 864 uidetur,
322 789 383 852 sed
401 798 535 870 propter
550 788 809 870 permixtionem
826 788 933 851 solam
948 788 982 851 id
999 789 1110 869 agitur
1127 787 1288 862 absolute,

75 908 173 969 quam
190 890 407 971 ‘passionem
422 892 727 973 concupiscentiae'
747 890 983 974 nuncupauit*
1020 891 1289 973 concupiscentia

75 989 160 1053 enim
184 991 218 1054 in
243 993 390 1057 crimine
412 996 522 1056 uocari
545 1014 612 1057 non
635 1005 755 1079 potest,
770 1016 811 1058 eo
833 996 923 1077 quod
945 1004 1084 1058 naturae
1105 1003 1234 1056 motum
1255 993 1320 1073 in5

75 1111 167 1154 suam
189 1094 335 1175 explere
351 1097 482 1160 uidetur
497 1117 647 1162 uxorem.
686 1097 911 1180 ‘passionem'
935 1118 1013 1160 uero
1038 1097 1290 1179 ‘concupiscen-

75 1192 155 1256 tiae'
178 1195 283 1277 dixit,
308 1199 401 1281 quod
430 1199 501 1262 aliis
528 1198 659 1262 leminis
681 1201 840 1282 permixti
863 1201 964 1263 etiam
988 1220 1064 1262 suas
1092 1217 1215 1261 uxores
1246 1197 1288 1259 ad

75 1295 334 1363 similitudinem
358 1322 472 1365 earum
495 1304 587 1367 abuti
618 1305 730 1369 uelint.
775 1306 897 1369 deinde
929 1303 1179 1388 comparatione
1211 1322 1290 1366 con·

77 1399 212 1462 trarium
229 1422 322 1484 opus
340 1403 448 1487 ipsum
464 1406 664 1470 sufficienter
679 1408 873 1491 derogauit:

136 1553 224 1619 sicut
236 1565 271 1619 ct
279 1566 396 1640 gentes
409 1576 490 1639 quac
506 1557 651 1622 nesciunt
664 1557 782 1623 Deum.
1309 1568 1348 1618 10

138 1685 223 1748 haec
238 1685 361 1748 dicens
381 1686 423 1749 de
444 1686 508 1749 illis
530 1686 629 1763 dixit,
645 1687 702 1769 qui
724 1706 848 1750 uxores
868 1687 1031 1752 habentes
1052 1685 1124 1750 aliis
1148 1686 1291 1750 mulieri-

77 1784 137 1847 bus
151 1787 462 1868 permiscebantur;
486 1788 520 1852 in
543 1788 822 1871 subsequentibus
840 1809 920 1853 uero
941 1791 1094 1872 disputat
1114 1798 1149 1853 et
1169 1790 1211 1852 de
1227 1788 1291 1851 illis

77 1888 133 1968 qui
149 1892 364 1971 usurpabant
375 1884 572 1973 permiscere
587 1891 651 1955 illis
667 1892 869 1970 mulieribus,
882 1915 969 1977 quae
984 1894 1132 1977 legitime
1149 1892 1291 1957 maritali

79 2000 172 2053 erant
188 1991 328 2055 iunctae
343 1992 487 2057 affectu:

137 2151 179 2219 μί
193 2163 259 2206 non
274 2146 544 2228 supergrediatur
555 2156 588 2211 ct
592 2146 736 2230 fraudet
749 2147 785 2211 in
801 2147 926 2230 negotio
933 2148 1082 2230 fratrem
1097 2168 1202 2212 suum.
1311 2153 1345 2221 15

141 2272 365 2354 pudicissime
380 2275 515 2356 quidem
536 2276 625 2340 dixit
640 2275 676 2339 in
700 2276 823 2359 negotio
832 2301 848 2352 ,·
871 2296 931 2359 per
945 2277 1059 2339 omnia
1078 2297 1158 2340 uero
1174 2276 1292 2359 iniqui-

81 2382 182 2436 tatem
199 2374 315 2455 operis
331 2376 451 2438 enixus
466 2385 517 2440 est
533 2398 678 2460 arguere.
723 2397 802 2441 nam
822 2379 903 2440 dum
925 2378 1006 2440 dicit
1022 2399 1083 2440 non
1097 2375 1292 2460 supergredi,

81 2478 172 2559 quasi
198 2479 366 2541 terminos
392 2480 556 2561 quosdam
581 2481 708 2563 positos
733 2481 950 2544 inuadentem
978 2480 1097 2563 arguit.
1137 2500 1177 2543 eo
1202 2479 1293 2562 quod

81 2579 167 2642 dixit
173 2579 359 2660 fraudare,
376 2581 471 2664 quasi
487 2583 704 2664 quialienam
721 2583 850 2647 auferat
866 2585 1120 2666 possessionem.
1153 2593 1187 2648 et
1202 2583 1293 2665 quod

82 2681 169 2745 dixit
182 2683 349 2764 fratrem,
374 2685 481 2748 maius
507 2686 631 2749 crimen
657 2688 838 2768 aggerauit,
866 2689 893 2751 si
921 2698 1054 2752 etcum
1079 2708 1184 2750 uxore
1207 2687 1294 2749 illius
1309 2704 1352 2752 20

82 2786 137 2868 qui
163 2806 225 2868 per
252 2785 356 2851 fidem
382 2787 483 2852 irater
508 2799 558 2853 est
584 2790 843 2871 permisceatur;
870 2812 970 2874 quem
996 2801 1030 2856 et
1053 2790 1188 2854 fratrem
1212 2810 1295 2853 nun-

83 2987 118 3054 τὸ
146 2992 191 3055 nri
220 2991 258 3056 ἐκ
292 2994 382 3057 πάθει
408 2990 572 3069 innormat,
597 2989 641 3062 cis
670 2991 711 3057 dv
737 2997 835 3060 τοῦτο
860 2996 1032 3063 ποιοῦντος
1056 2991 1167 3059 οὐκέτι
1192 2991 1296 3080 ταύτῃ

83 3090 123 3162 ὥς
142 3091 278 3176 γυναικὶ
304 3091 464 3171 συνόντος,
489 3091 580 3159 ἀλλὰ
605 3090 657 3157 διὰ
683 3092 772 3179 μίξιν
797 3096 899 3178 μόνην
924 3094 1046 3165 ἁπλῶς·
1073 3093 1153 3182 ὅπερ
1175 3093 1297 3165 πάθος

84 3194 293 3279 ἐπιθυμίας
315 3195 478 3263 ἐκάλεσεν.

131 3359 216 3424 zagit
234 3374 252 3407 r
383 3372 397 3424 5
421 3359 448 3409 in
466 3360 561 3409 crimen
577 3362 677 3412 euocari
698 3360 807 3425 Cicerr)
939 3361 955 3409 8
978 3359 1191 3424 comparationem
1211 3360 1233 3410 C
1236 3358 1250 3385 ¹*
1267 3359 1302 3409 II

84 3453 99 3501 9
120 3441 195 3504 ipsud
209 3438 252 3490 C*
355 3451 383 3503 17
401 3441 602 3505 misruC(corr)
701 3458 729 3493 τι
748 3441 799 3492 fide
813 3440 919 3504 Cicerr)

119 3609 140 3643 r.
174 3593 300 3659 apertius]
331 3594 435 3660 Jacobi:
456 3595 609 3646 “translator
624 3597 667 3654 ἐμ·
716 3594 828 3657 εὐφήμοις
846 3614 877 3658 γε
896 3596 991 3658 σφόδρα
1013 3596 1053 3643 καί
1076 3594 1298 3656 ἐπικεκαλνμμένως

87 3672 253 3737 φονικώτερον
278 3674 345 3724 male
369 3675 492 3725 intellexit
518 3678 589 3741 quasi
614 3678 663 3727 Th.
717 3677 761 3736 τὴν
783 3678 893 3737 μοιχείαν
914 3677 1044 3734 ὠνόμασεν.
1081 3675 1190 3738 Τίτρίιί.;
1217 3677 1243 3723 ἐν
1263 3674 1300 3735 τῷ

86 3757 223 3821 scripsisset
240 3754 445 3820 ἐμφανέστερον.”
718 3755 851 3820 πράγματι·
874 3759 1007 3813 τουτέστιν,
1028 3755 1061 3817 τῇ
1078 3759 1146 3817 μίξει.
1184 3757 1298 3822 Pelagius

117 3840 141 3889 8.
182 3838 351 3899 centrarium]
388 3839 499 3903 Perhaps
512 3839 668 3888 ειονιίνονῐ-
718 3838 791 3888 oiiers
805 3856 821 3888 a
835 3839 971 3889 somewbat
987 3837 1082 3886 similar
1098 3838 1295 3902 interpretation,

89 3937 167 3981 mm,
192 3923 240 3972 ‘ce-
258 3918 307 3970 τῶν
328 3923 437 3971 ἐναντίαν
459 3922 548 3983 (mdc
575 3922 666 3981 ἐθνῶν).
719 3921 763 3972 but
774 3921 852 3969 nddsc
872 3920 946 3969 “siue
958 3920 984 3967 in
995 3918 1133 3984 quolibet
1149 3920 1297 3980 (τῳι-τινίί)

90 4003 159 4054 With
168 4006 389 4069 epm...dercgauit
398 4005 430 4055 cf.
443 4018 461 4055 1.
474 4022 500 4070 p.
515 4021 534 4055 r.
548 4005 565 4055 l
583 4019 621 4068 13·
718 4003 827 4066 negotio,
842 4017 875 4051 ne
885 4002 940 4065 quis
951 4001 1057 4051 alterum
1067 3999 1190 4051 fraudet.”

124 4100 161 4148 ¹3·
194 4086 362 4149 usurpabant]
395 4084 561 4150 ‘presumed’
589 4091 669 4135 ‘were
755 4084 793 4132 18.
826 4083 900 4147 quasi
914 4085 1030 4132 terncinos
1051 4080 1298 4148 quosdam...orguit]

92 4165 209 4230 guiltyoi
216 4166 261 4216 the
271 4166 348 4216 crime
359 4166 401 4228 oi,'
414 4168 459 4218 dte.
490 4167 628 4234 Cisupra,
641 4183 665 4232 p.
720 4165 756 4215 So
784 4164 887 4227 Chrys-t
930 4163 1026 4224 ἑκάστῳ
1053 4165 1066 4213 d
1094 4165 1146 4213 θεὸς
1173 4160 1299 4221 ἀπένειμεν

95 4260 130 4306 14,
143 4245 162 4294 l.
174 4259 215 4295 τι.
718 4245 828 4305 γυναῖκα,
843 4245 923 4305 ὅρους
935 4247 1018 4304 ἔθηκεν
1028 4244 1059 4305 τῇ
1071 4246 1151 4305 φύσει.

127 4338 163 4387 ¹5·
187 4323 308 4388 fraudes]
339 4324 372 4375 O.
384 4326 414 4375 L.
426 4326 477 4375 and
488 4324 574 4390 Vulg„
598 4326 669 4376 “eir-
752 4340 791 4374 ao.
828 4325 909 4373 maius
927 4325 1021 4373 cm'men
1038 4322 1176 4388 aggerauc't]
1206 4323 1298 4374 Thdt.:

94 4403 261 4455 cumueniat.”
719 4407 821 4466 ηὔξησεν
836 4407 862 4455 δὲ
878 4406 923 4464 τὴν
937 4405 1090 4466 κατηγορίαν,
1104 4403 1212 4466 ἀδελφὸν
1224 4407 1300 4465 δείξαι

127 4485 163 4538 16.
192 4487 410 4552 pudicitam...in
419 4490 518 4554 negotio]
537 4490 669 4541 Ci.Dam.:
718 4489 761 4538 τὸν
770 4483 930 4547 ἀδικούμενον.
1187 4513 1193 4520 ·
