3142 5100
113 363 178 438 ru.
201 375 261 459 16.]
470 389 512 440 ru
537 388 591 439 aa.
616 387 668 437 nu
690 386 925 439 amorraeum
949 388 970 439 1.
1264 390 1322 458 135

109 555 191 619 tatas
205 558 406 638 mysterium.
447 558 511 623 hoc
526 567 586 634 est,
602 557 795 622 ‘indubium
808 556 835 637 ;’
858 578 937 621 nam
958 567 992 624 et
1013 559 1161 626 habebat
1180 581 1225 626 ex
1244 562 1324 645 ipsis

111 660 213 723 rebus
228 661 404 726 indubiam
419 663 663 745 probationem.
697 662 787 725 unde
803 670 839 725 et
853 661 955 728 adicit
970 687 977 727 ι

175 815 239 900 qui
251 814 483 897 manifestatus
497 824 545 877 est
559 813 593 877 in
608 835 711 878 carne.

177 942 244 1008 hoc
266 951 328 1020 est,
343 944 499 1026 ‘pietatis
522 941 670 1008 delector
692 942 852 1025 mysterio
874 943 1024 1030 eoquod
1043 943 1088 1008 sit
1107 965 1268 1030 magnum
1288 957 1322 1015 et

108 1049 364 1132 supereminens
374 1074 383 1128 ;
403 1051 562 1132 quoniam
578 1049 606 1112 is
622 1049 678 1130 qui
695 1048 870 1114 inuisibilis
886 1057 936 1112 est
954 1049 1046 1114 Deus
1061 1050 1222 1128 Verbum,
1239 1052 1321 1120 Uni·
1359 1065 1378 1132 5

107 1152 247 1234 genitus
263 1151 380 1227 Patris,
395 1152 622 1216 manifestauit
641 1172 678 1218 se
697 1150 898 1234 hominibus,
914 1153 947 1216 in
963 1172 1062 1218 carne
1082 1152 1245 1237 adparens
1260 1177 1325 1241 pro
1417 1236 1421 1242 Ι

107 1258 284 1320 communi
299 1257 449 1321 omnium
465 1256 589 1322 salute.'
632 1258 761 1340 optime
781 1267 895 1322 autem
915 1256 980 1322 hoc
1002 1258 1036 1322 in
1056 1256 1131 1323 loco
1153 1280 1218 1324 non
1234 1262 1322 1329 dixit

109 1361 167 1424 ‘in
191 1360 344 1424 homine'
368 1360 427 1424 sed
450 1360 610 1434 incarne,
633 1368 667 1423 et
687 1361 826 1442 quidem
846 1361 879 1425 in
898 1361 1125 1445 superioribus
1151 1367 1323 1434 euidenter

108 1463 249 1527 dixerat
270 1464 430 1547 quoniam
451 1464 610 1528 mediator
623 1461 689 1526 Dei
707 1472 739 1525 et
756 1461 930 1530 termnum
946 1463 1038 1528 homo
1056 1465 1208 1532 Christus
1223 1468 1322 1547 Iesus,

108 1585 153 1628 eo
191 1566 284 1648 quod
310 1566 374 1630 hoc
401 1575 471 1631 erat
494 1567 585 1650 quod
612 1575 692 1630 tunc
721 1566 824 1630 dubie
852 1567 1103 1656 suscipiebatur,
1130 1579 1165 1634 et
1190 1570 1253 1636 hac
1278 1572 1322 1635 de
1340 1592 1385 1642 ια

107 1689 215 1734 causa
231 1669 276 1733 ad
295 1669 358 1732 ista
373 1671 476 1734 uerba
491 1670 693 1735 descendere
708 1679 759 1733 est
774 1671 975 1754 compulsus.
1019 1692 1098 1737 nam
1114 1672 1172 1737 illo
1188 1675 1221 1737 in
1238 1686 1322 1739 tern-

167 1845 178 1880 1
204 1830 364 1886 hocnouest
376 1831 507 1881 dubiumr
654 1848 667 1881 a
694 1842 719 1883 et
730 1848 768 1880 om
781 1832 815 1882 H
941 1850 956 1900 3
979 1834 1022 1900 qui
1034 1836 1216 1888 manifestusc
1253 1841 1326 1904 quod·

109 1911 273 1961 manifestum
286 1929 302 1960 r
435 1934 451 1975 4
468 1913 579 1968 delectus
592 1912 631 1962 C’
643 1929 660 1961 r
689 1913 797 1963 dilectus
812 1913 845 1962 H
854 1910 858 1974 Ι
873 1914 1011 1970 ministerio
1023 1932 1041 1965 r
1169 1934 1183 1982 5
1201 1929 1323 1984 superest

110 1990 230 2042 eminens
244 1993 266 2041 C
268 1991 283 2019 ⁴*
385 2008 415 2048 lo
429 1995 626 2060 suscipiebamus
640 1996 663 2048 C
671 1995 705 2044 H
712 2010 728 2042 r

149 2139 170 2173 1.
206 2124 233 2172 h.
252 2141 283 2185 a,
312 2125 458 2188 turbam]
499 2126 605 2191 Chrys:
639 2127 694 2176 ‘ml
743 2124 832 2190 Chrys.
845 2127 895 2176 and
910 2127 1138 2194 Thdt.,assuming
1149 2129 1203 2180 that
1214 2130 1257 2180 the
1268 2147 1325 2195 pre=

108 2205 193 2264 duob)
216 2208 245 2255 οὐ
266 2210 425 2271 ζητουμένη·
451 2210 618 2272 &widelae
645 2210 695 2272 γάρ
742 2215 798 2257 sent
809 2215 875 2260 texts
885 2207 915 2257 oi
931 2209 995 2262 their
1005 2211 1197 2261 commentarios
1213 2227 1255 2262 are
1268 2228 1323 2262 cor·

108 2288 187 2338 ἐστιν.
742 2298 807 2340 κεῖ.
837 2290 1027 2342 'l'h'uhowever
1043 2293 1064 2341 is
1081 2294 1204 2355 doubtful,
1218 2302 1244 2344 at
1260 2295 1323 2346 least

147 2381 170 2428 3.
194 2369 473 2435 qas'nram'festatusest]
488 2370 694 2422 BothourMSS.
742 2372 1323 2442 asregardsChrys.,whosecomm.asquoted

109 2450 174 2500 read
191 2451 247 2514 qui,
266 2451 325 2502 here
342 2452 392 2502 and
407 2452 490 2501 below
509 2450 695 2519 (p-136‚l.7),
741 2451 769 2500 in
785 2453 890 2504 Cramer
898 2455 930 2504 vi.
946 2471 975 2518 31
991 2454 1025 2521 (r)
1038 2457 1113 2507 ornits
1129 2459 1188 2518 θεός,
1202 2458 1325 2523 although

108 2532 270 2582 andusethe
281 2549 355 2583 masc
371 2534 533 2598 consistently
543 2533 695 2601 throughout
741 2532 797 2585 that
819 2536 888 2585 word
905 2551 991 2586 occurs
1013 2537 1039 2586 in
1058 2537 1101 2588 the
1119 2538 1245 2589 catenist's
1266 2555 1326 2591 own

108 2615 286 2675 theoontexts
302 2616 426 2667 anderen
447 2617 522 2677 Rab,
536 2616 593 2665 who
608 2617 634 2667 in
652 2617 695 2666 the
742 2616 864 2676 text‚and
876 2617 1048 2682 (alagreeaas
1060 2620 1116 2669 well
1128 2620 1189 2669 with
1201 2619 1243 2669 the
1252 2622 1323 2673 read·

110 2704 166 2745 text
177 2695 225 2744 has
240 2696 391 2749 substituted
410 2698 502 2761 “quod
513 2695 695 2749 manifestum’'
742 2698 787 2763 ing
800 2697 826 2749 dr
841 2714 869 2748 or
887 2697 939 2751 das
953 2700 1085 2751 withonii.
1122 2701 1179 2753 Nor
1190 2702 1211 2749 is
1225 2700 1324 2751 Thdt'a

110 2778 140 2840 [a
154 2778 250 2837 fusion,
268 2780 383 2845 perhaps,
397 2779 426 2829 oi
443 2780 485 2831 the
502 2780 578 2844 Vulg.
599 2779 694 2845 “quod
742 2780 883 2842 exposition
895 2780 1003 2831 decisive
1013 2781 1039 2829 in
1051 2781 1138 2831 favour
1148 2781 1178 2830 oi
1186 2783 1238 2832 θεός
1245 2783 1325 2835 either

111 2859 326 2911 mutuatum
345 2861 407 2911 with
425 2861 469 2911 the
487 2861 592 2926 reading
608 2859 638 2910 oi
655 2860 695 2922 (Ἰ,
742 2862 778 2909 ad
798 2862 843 2909 loc.
869 2877 898 2911 or
922 2862 948 2911 in
968 2870 1064 2927 quaest.
1082 2865 1119 2913 ed
1141 2865 1202 2917 Gen.
1225 2868 1273 2926 823
1297 2866 1325 2919 in

109 2945 216 3008 betrays
226 2943 266 2992 his
276 2941 387 2993 author'r
402 2951 454 2993 text
469 2943 503 3007 by
513 2943 637 3007 retaining
650 2943 697 3011 qui
742 2940 861 2990 Emathi.
883 2940 911 3002 i.,
932 2942 1057 2999 however,
1074 2943 1108 2992 he
1127 2960 1234 3009 appears
1251 2944 1325 2999 twice.

111 3025 339 3090 intheoommlp.
353 3024 433 3090 136,1.
445 3027 478 3089 7),
490 3025 540 3074 and
553 3026 586 3089 by
597 3024 696 3088 leaving
742 3031 770 3073 to
789 3030 866 3087 quote
885 3023 928 3074 the
947 3040 1051 3092 passage
1074 3025 1100 3075 in
1121 3027 1165 3078 the
1183 3026 1248 3076 form
1271 3029 1324 3081 teor

109 3108 304 3174 adsumptmtp.
314 3108 394 3171 138‚L
405 3107 609 3171 17)unchanged.
626 3107 696 3155 Thus
744 3103 894 3166 ἐφανερώθη.

111 3190 159 3239 the
183 3198 283 3254 present
303 3189 451 3240 translation
470 3203 531 3253 goes
548 3196 575 3237 to
591 3187 696 3236 confirm
777 3199 801 3248 5.
844 3186 1019 3238 inuisibilis...
1033 3187 1215 3254 manr'sestaar't]
1238 3190 1279 3241 cf.
1303 3203 1323 3241 1.

111 3271 160 3321 the
170 3271 297 3320 inierence
305 3270 406 3334 already
417 3270 503 3321 drawn
514 3268 578 3320 from
589 3268 632 3317 the
644 3267 694 3317 Gk.
744 3283 771 3331 p.
784 3265 841 3328 26¹,
863 3268 935 3325 l.18,
953 3276 1028 3329 note;
1046 3271 1096 3319 and
1116 3271 1194 3321 Thdt.
1214 3272 1251 3320 ad
1266 3273 1320 3324 Μ.

112 3352 206 3417 irngrn
225 3351 255 3403 oi
273 3351 322 3402 Th.
341 3353 371 3402 dr
386 3352 487 3401 incarn.
510 3351 563 3399 xiii.
586 3349 694 3415 (Migne,
745 3344 858 3409 (tom
880 3349 944 3413 ἔχων
966 3351 1011 3408 τὴν
1035 3343 1108 3408 φύσιν
1135 3346 1206 3409 δῆλος
1233 3350 1324 3402 ἅπασιν

113 3435 146 3485 P.
157 3435 188 3485 G.
198 3432 238 3492 66,
246 3434 314 3501 981),
323 3434 378 3484 that
386 3434 436 3483 Th.
447 3434 506 3483 read
513 3434 538 3482 te
546 3434 694 3494 ἐφανερώθη,
744 3426 928 3490 bardoniani
949 3430 1058 3492 ἐγένετο)
1076 3432 1127 3483 and
1143 3433 1261 3483 Eranisr.
1273 3435 1318 3486 lic.

113 3515 152 3564 Ar
165 3513 289 3563 thesame
300 3513 360 3562 time
374 3520 417 3561 too
433 3512 508 3562 much
524 3511 616 3576 weight
629 3518 694 3560 must
744 3510 855 3574 (ἀόρατος
875 3513 920 3571 μὲν
941 3512 957 3570 ἡ
979 3513 1032 3561 θεία
1058 3511 1135 3575 φύσις,
1160 3515 1235 3576 ὁρατὴ
1259 3517 1286 3564 dl
1308 3516 1325 3576 ἡ

113 3597 210 3647 nothe
225 3595 341 3646 attached
359 3596 386 3644 in
404 3595 457 3644 this
470 3595 582 3644 instance
600 3603 628 3643 to
649 3608 696 3645 our
743 3595 816 3655 σάρξ·
841 3596 881 3642 rat
892 3595 982 3654 διὰτῆς
994 3595 1080 3657 ὁρατῆς
1091 3592 1107 3655 ἡ
1119 3597 1220 3658 ἀόρατος
1232 3593 1321 3661 ὤφθη).

113 3676 272 3728 translator's
282 3679 423 3741 testimony,
440 3678 509 3726 since
519 3678 552 3726 he
562 3692 620 3745 may
631 3677 696 3726 have
778 3690 801 3739 7.
836 3693 888 3727 aon
904 3678 973 3731 amri
988 3679 1036 3729 ‘ia
1052 3678 1178 3742 homine’]
1201 3680 1240 3730 Cf.
1254 3693 1286 3733 11.
1295 3697 1322 3751 p.

113 3762 182 3810 been
200 3759 340 3810 influenced
351 3761 377 3810 in
394 3755 481 3810 lavour
500 3760 529 3809 oi
542 3761 587 3824 qui
604 3760 638 3823 by
653 3759 696 3823 Je·
744 3760 783 3818 88,
798 3759 815 3806 l.
828 3757 851 3819 6,
866 3769 934 3810 note.

113 3838 209 3890 rome’s
230 3839 356 3905 authority
373 3840 418 3901 [on
437 3839 488 3889 lsa.
505 3838 549 3888 liii.
573 3852 612 3896 11,
628 3838 696 3902 “qui
779 3858 819 3894 ro..
849 3843 952 3907 eoquod
962 3844 1005 3891 hoc
1020 3851 1073 3893 erat
1091 3843 1158 3911 quod
1174 3851 1241 3904 tunc,
1264 3843 1323 3908 Sto]

113 3921 235 3987 apparuit
253 3921 280 3970 in
296 3936 370 3971 came
377 3920 402 3979 ;”
420 3921 465 3971 but
486 3918 600 3970 whether
618 3935 647 3969 as
663 3935 696 3968 an
744 3924 851 3974 Lethe
869 3926 956 3989 reality
967 3924 996 3974 oi
1011 3942 1057 3975 our
1074 3925 1163 3979 Lord’a
1182 3927 1319 3991 humanity.

113 4015 187 4053 exact
199 4003 362 4069 quotationis
377 4018 443 4068 open
461 4009 488 4051 to
505 4001 603 4063 doubtJ,
618 4017 647 4051 or
662 4002 695 4070 by
744 4005 836 4069 Comp.
856 4005 905 4054 Th.
923 4021 957 4055 on
974 4006 1001 4055 S.
1015 4007 1083 4070 John
1099 4008 1115 4058 i.
1133 4025 1176 4070 14:
1194 4010 1282 4066 ἰδίωμα
1296 4011 1323 4058 δὲ

114 4087 243 4136 lomland
260 4094 451 4149 contemporary
462 4085 696 4149 usage3quiisthe
743 4089 786 4147 τῆς
811 4084 908 4149 γραφῆς
935 4089 984 4137 ἀπὸ
1015 4086 1058 4149 τῆς
1084 4091 1171 4153 σαρκὸς
1197 4092 1239 4140 τὸν
1265 4089 1323 4139 ὅλον

113 4169 222 4233 reading
236 4167 266 4218 oi
280 4168 412 4217 Liberatus
429 4168 496 4217 brea.
510 4182 540 4232 19
557 4167 599 4230 [ef.
611 4167 696 4217 Tisch.
745 4166 871 4230 ἄνθρωπον
894 4170 986 4217 καλεῖν.
1013 4169 1083 4221 Here
1093 4169 1126 4219 he
1141 4171 1163 4219 is
1177 4171 1281 4221 anxious
1296 4180 1323 4222 to

112 4250 151 4299 ad
158 4250 184 4298 Ιι.
192 4250 232 4312 il,
246 4249 277 4299 ol
284 4248 370 4298 whom
381 4264 423 4298 see
435 4261 454 4298 1.
466 4265 491 4314 p.
504 4249 538 4298 lv.
744 4253 815 4317 point
827 4260 870 4301 out
882 4251 936 4301 that
947 4251 991 4303 the
1001 4252 1045 4302 u'se
1057 4252 1085 4301 ol
1091 4253 1151 4314 σάρξ
1162 4253 1187 4302 in
1199 4255 1323 4307 reference

147 4332 175 4382 1r
187 4331 237 4382 Th.
256 4332 318 4381 read
335 4332 368 4391 ds,
392 4330 426 4380 he
449 4347 501 4379 was
524 4332 550 4379 in
574 4331 697 4394 harmony
744 4342 771 4383 to
782 4335 826 4384 the
836 4334 907 4383 tomo
919 4334 1072 4397 srcsceptusis
1086 4349 1102 4382 a
1116 4342 1211 4397 protest
1225 4336 1323 4400 against

112 4418 173 4469 vio
190 4418 234 4469 the
252 4416 342 4481 Syriae
359 4416 469 4465 versions
486 4415 636 4477 (Scriuener,
651 4416 695 4465 la
743 4417 842 4466 docetic
852 4431 929 4476 error,
942 4422 987 4465 not
998 4431 1014 4465 a
1025 4415 1170 4466 concesslon
1186 4424 1213 4467 to
1225 4417 1323 4482 Apolli·

109 4501 173 4551 trad.
196 4515 222 4565 p.
247 4498 318 4561 555),
348 4496 395 4546 but
418 4495 520 4546 diliered
549 4495 614 4547 from
633 4495 696 4545 both
743 4495 888 4545 nariauism.
