3142 5100
111 383 275 469 l.11,12.]
363 398 404 449 IN
427 398 479 449 ΕΡ.
502 398 554 449 AD
577 398 951 452 THESSALONICENSES
973 398 1011 449 11.
1260 393 1303 459 47

107 576 135 629 ct
147 566 320 651 mirificari
332 568 367 631 in
388 566 535 631 omnibus
555 567 615 650 qui
630 568 843 645 crediderunt,
860 578 897 633 ut
917 569 960 634 sit
975 568 1009 632 in
1028 566 1140 632 medio
1157 565 1303 649 positum

108 669 252 751 quonr'am
275 668 431 735 creditum
450 680 497 734 est
515 673 720 755 euangelium
737 682 884 737 nostmm
903 674 939 737 in
959 673 1057 751 uobis,
1075 671 1163 756 et[si]
1189 691 1305 735 secun-

107 772 181 835 dum
211 792 346 836 sensum
375 774 594 837 nouissimum
623 776 731 839 iacere
760 777 922 840 uideatur.
968 776 1041 840 uult
1074 776 1162 840 enirn
1195 775 1305 837 dicere

108 875 258 954 quoniam
270 876 471 940 ‘secundum
483 875 578 939 illum
590 876 679 940 diem
694 877 858 961 gloriosus
875 889 908 942 et
921 878 1081 942 mirabilis
1092 877 1259 941 uidebitur
1271 877 1305 938 in

107 973 154 1037 his
167 977 223 1059 qui
239 978 303 1063 sibi
318 979 536 1054 crediderunt,
553 999 612 1061 per
627 979 684 1043 illa
702 981 792 1044 bona
807 1002 893 1064 quae
911 1002 990 1063 erga
1004 981 1078 1044 illos
1097 980 1203 1053 faciet,
1219 997 1306 1062 quae
1343 987 1358 1055 5

108 1079 201 1141 etiarn
214 1090 249 1144 et
260 1102 322 1144 uos
334 1082 413 1145 estis
429 1081 566 1157 fruituri,
579 1082 721 1165 eoquod
733 1083 920 1146 doctrinam
932 1092 1080 1146 nostram
1092 1078 1305 1165 recepistis.*’

106 1182 149 1244 sic
162 1204 220 1265 per
234 1185 349 1248 omnia
364 1185 545 1250 adhortans
560 1186 763 1251 reuelatione
778 1208 893 1251 eorum
916 1209 1002 1271 quae
1021 1196 1250 1271 expectantur,
1266 1206 1306 1249 eo

107 1286 190 1365 quod
205 1286 402 1351 aduersariis
418 1308 540 1371 magna
562 1288 742 1354 inferentur
762 1300 937 1367 tormenta,
954 1302 987 1355 et
1002 1291 1091 1374 quod
1108 1307 1305 1373 magnorum

107 1391 262 1455 bonorum
280 1391 469 1456 fruitionem
486 1403 666 1476 expectent
681 1396 790 1476 potire
805 1396 986 1473 credentes,
1003 1396 1126 1461 adicit:

166 1567 201 1631 in
225 1566 316 1650 quod
332 1575 364 1630 el
384 1588 438 1630 oro
458 1579 579 1650 semper
591 1580 654 1651 pro
676 1567 774 1646 uobis
790 1579 828 1632 ut
848 1591 905 1633 uos
926 1569 1043 1652 dignos
1063 1568 1225 1633 uacatione
1245 1589 1307 1632 sua
1325 1587 1364 1634 10

106 1670 191 1733 Deus
213 1671 339 1753 habeat,
359 1680 391 1734 et
415 1670 547 1753 impleat
562 1691 653 1733 omne
667 1670 828 1753 placitum
851 1672 1004 1736 bonitatis
1024 1681 1153 1753 etopus
1165 1670 1252 1755 fidei
1273 1670 1308 1733 in

107 1774 245 1848 uirtute,·
277 1782 317 1837 ut
339 1773 543 1857 glorificetur
562 1794 675 1837 nomen
696 1773 825 1838 domziti
843 1775 949 1838 nostri
969 1774 1004 1838 in
1027 1775 1117 1840 uobis
1137 1785 1170 1838 et
1190 1796 1247 1838 uos
1272 1774 1308 1839 in

107 1875 175 1957 ipso,
187 1875 363 1939 secundum
373 1876 523 1959 gratiam
538 1876 606 1940 Dei
617 1877 722 1941 nostri
733 1887 766 1940 et
777 1876 905 1941 domini
917 1876 992 1940 Iesu
1010 1875 1141 1943 Christi.

167 2019 246 2098 ‘pro
261 2014 315 2078 his
331 2035 417 2097 quae
439 2014 521 2078 talia
540 2025 618 2079 sunt
635 2035 885 2098 perseueramus
907 2037 968 2098 pro
986 2014 1082 2080 uobis
1104 2024 1246 2091 oranteS,
1262 2013 1310 2077 ita

104 2128 138 2182 ut
158 2119 280 2204 dignos
305 2139 365 2182 uos
389 2118 552 2183 bonorum
577 2120 709 2184 illorum
733 2120 893 2186 exhibeat
919 2122 1021 2201 Deus,
1046 2122 1080 2186 in
1106 2141 1248 2206 quorum
1274 2132 1309 2188 et
1327 2135 1363 2203 15

108 2329 289 2401 rncreicncru
313 2322 498 2391 ἀποδοτέον·
524 2322 577 2391 ἵνα
597 2324 619 2411 ᾖ
641 2322 695 2391 διὰ
716 2323 822 2408 μέσον
843 2324 992 2408 κείμενον
1016 2322 1054 2388 τὸ
1076 2325 1121 2389 ὅτι
1148 2323 1310 2399 e’nrcreiou

107 2428 140 2493 τὸ
167 2433 331 2516 ιιιρτῨριον
364 2430 457 2494 ιὶιιῶιι
489 2427 538 2505 ἐφ’
564 2429 650 2505 intio,
675 2430 860 2493 τελευταῖον
886 2426 922 2492 ὃν
944 2429 985 2512 τῇ
1009 2427 1065 2505 τῆς
1091 2425 1211 2495 ἐννοίας
1235 2423 1311 2490 ἀκο-

106 2531 228 2625 λουθίᾳ.
276 2528 437 2611 βούλεται
451 2530 515 2620 γὰρ
531 2528 632 2597 εἰπεῖν
647 2526 697 2596 ὅτι
711 2528 800 2596 ικοτ’
817 2528 942 2610 ἐκείνην
955 2526 1015 2609 τὴν
1029 2525 1150 2616 ἡμέραν
1165 2526 1312 2612 ἐπίδοξος

108 2632 157 2696 καὶ
185 2630 375 2714 θαυμαστὸς
403 2631 438 2696 ἐν
466 2635 533 2701 τοῖς
562 2629 822 2697 πεπιστευκόσιν
851 2629 1037 2716 φανήσεται
1063 2626 1117 2693 διὰ
1143 2633 1208 2694 τῶν
1236 2628 1313 2717 περὶ

108 2734 208 2804 αὐτῶν
222 2736 367 2819 ἀγαθοῖν·
390 2734 433 2801 ὦν
448 2735 487 2819 δὴ
502 2735 557 2800 καὶ
578 2733 668 2817 ὑμεῖς
692 2733 911 2810 ὦπελούσοτε,
934 2730 993 2799 ἅτε
1014 2730 1052 2816 δὴ
1075 2731 1136 2814 τὴν
1158 2730 1312 2798 titanea-
1327 2746 1369 2793 20

108 2838 179 2905 λίαν
192 2839 288 2922 ἡμῶν
301 2837 580 2925 παραδεξάμενοι]

155 3046 169 3080 τ
185 3031 259 3080 εἰσιν
274 3030 296 3079 C
301 3029 335 3078 H
336 3045 352 3077 r
448 3048 465 3092 4
481 3028 600 3094 quoniam
609 3045 649 3078 om
659 3044 676 3078 r
773 3039 788 3089 5
805 3042 848 3077 eos
861 3026 919 3090 (sor
928 3026 995 3087 illos)
1007 3043 1023 3075 r
1118 3025 1135 3076 6
1151 3026 1316 3091 suscepistis!

109 3125 123 3177 9
137 3113 211 3176 potiri
225 3112 250 3161 C
260 3109 333 3175 (cm)
346 3127 363 3159 r
472 3127 502 3161 10
518 3111 544 3160 in
556 3127 606 3176 quo
615 3126 631 3158 r
740 3124 767 3160 rr
786 3125 888 3159 omnem
899 3108 933 3159 H
1032 3122 1061 3171 13
1073 3108 1100 3157 in
1110 3107 1183 3158 uobis
1194 3115 1219 3158 et
1230 3124 1276 3159 uos
1287 3108 1314 3158 in

109 3193 150 3242 illo
160 3193 209 3259 (afr
219 3193 326 3254 Christi)
337 3192 389 3242 add
400 3193 491 3242 CHr:
509 3208 543 3242 see
553 3200 607 3243 note

108 3357 134 3391 as
151 3341 202 3392 'tiit
215 3342 269 3393 had
284 3342 348 3391 been
365 3341 485 3392 afirture.
519 3341 589 3392 Thus
603 3342 680 3392 Dam.
736 3341 839 3403 χόμεθσ.
864 3341 897 3392 Ο.
912 3342 943 3391 L.
956 3342 1006 3391 and
1018 3341 1093 3406 Vulg.
1111 3342 1225 3408 “inquo
1236 3346 1312 3395 etiam

110 3438 173 3486 says:
190 3423 207 3483 ἠ
227 3419 334 3481 ἀλήθεια
351 3423 447 3484 (φησιν)
466 3419 529 3482 αὕτη
549 3421 581 3483 ἤν
595 3440 685 3483 μαρτν-
736 3423 862 3474 oremus.’'
900 3424 957 3473 The
981 3424 1091 3487 singular
1116 3424 1137 3472 is
1162 3424 1312 3476 abandoned

109 3504 190 3563 ροῦμεν
200 3506 250 3564 νῦν,
266 3498 300 3563 πῇ
313 3503 395 3551 πίστει
411 3500 475 3562 ὑμίν
486 3504 526 3551 ποι
541 3499 687 3564 ὕπομονῇὲν
736 3507 763 3554 in
782 3505 826 3554 the
847 3511 1033 3568 commentam
1055 3519 1096 3554 see
1116 3504 1206 3565 below,
1229 3505 1245 3555 l.
1273 3520 1309 3568 ¹4·

110 3586 232 3651 ἑπεινῃτῇ
242 3586 320 3647 ἡμέρᾳ
338 3585 583 3645 πιστευθήσεται.
605 3584 686 3654 Oecr
736 3588 835 3652 Digim
857 3587 950 3646 habeat,
971 3586 1102 3650 placitum,
1122 3601 1150 3635 so
1173 3587 1312 3646 Ambrstr.;

109 3668 133 3713 ἐν
142 3668 190 3730 γὰρ
201 3662 237 3728 τῇ
247 3666 304 3715 rire
314 3665 392 3728 ἡμέρᾳ
403 3666 563 3725 γενήσεται
582 3666 687 3728 φανερὸν
738 3671 770 3722 Ο.
779 3672 810 3720 L.
822 3669 956 3736 generally,
971 3669 1022 3718 and
1035 3669 1121 3733 Vulg„
1144 3667 1313 3732 “dignene’'

110 3748 323 3800 ὀτιέπιστιύσατε.
342 3749 397 3798 ΤΙιο
407 3747 538 3820 Peshfhed
547 3755 585 3798 set
594 3748 637 3797 the
645 3764 687 3797 ex·
740 3748 946 3801 “uoluntatem”
978 3749 1030 3797 For
1052 3748 1147 3798 εὐδοκία
1167 3764 1213 3797 our
1235 3755 1313 3797 trans·

204 3842 427 3945 <dnm
453 3841 685 3952 eon>-
738 3830 922 3980 turn
940 3830 1032 3982 un
1057 3830 1152 3979 tn
1175 3830 1313 3978 {ltu

143 3994 166 4045 6.
194 3995 251 4045 esn's
258 3995 385 4059 suumn]
407 3996 455 4046 See
471 3995 523 4045 Gk.
545 3994 599 4046 Our
610 4001 688 4044 trans·
738 3996 773 4044 In
789 3995 857 4045 uobis
868 4002 890 4044 et
905 4011 948 4046 uos
965 3998 994 4045 in
1010 3997 1053 4046 illo
1071 3997 1119 4056 (vv.
1133 3996 1171 4056 ll.)
1183 3996 1205 4045 is
1221 3995 1314 4060 simply

112 4076 174 4127 lator
194 4079 276 4129 either
296 4077 357 4128 read
379 4075 540 4139 ἀπολαύσετε,
566 4092 594 4126 or
615 4077 689 4126 made
739 4091 755 4126 a
771 4076 904 4141 repetition
920 4076 950 4126 of
965 4095 981 4126 a
998 4084 1054 4142 part
1074 4077 1103 4126 os
1119 4077 1162 4127 the
1178 4076 1314 4142 preceding

114 4160 178 4211 what
193 4161 227 4212 he
243 4160 688 4224 conceivedtobeenecessarycor-
739 4157 799 4215 line,
822 4158 883 4208 with
906 4158 958 4222 1'pso
979 4157 1096 4223 replaced
1118 4158 1214 4222 hythe
1236 4157 1312 4222 Vulg.

115 4243 213 4292 reetiou„
248 4243 304 4292 The
323 4257 376 4292 aor.
393 4241 414 4292 is
429 4241 546 4291 however
562 4241 630 4305 quite
647 4241 689 4291 de·
743 4240 839 4291 “illo”
871 4242 921 4291 But
938 4243 970 4290 its
981 4256 1128 4291 occurrence
1146 4240 1172 4288 in
1189 4239 1251 4289 both
1269 4256 1315 4289 our

114 4324 216 4375 sensibie
226 4325 290 4375 from
301 4323 372 4374 Th’s
382 4323 453 4389 point
465 4322 494 4373 oi
507 4323 587 4380 view:
604 4338 646 4373 see
657 4339 691 4373 on
741 4323 819 4374 MSS.
837 4323 887 4372 and
904 4324 930 4372 in
949 4324 1068 4372 Rabanus
1082 4323 1104 4372 is
1117 4322 1273 4388 noteworthy
1287 4339 1315 4373 as

117 4408 171 4458 Gal·
183 4426 206 4460 τ.
221 4423 263 4472 ²4·
741 4404 858 4470 pointing
879 4413 906 4454 to
928 4420 961 4455 an
981 4421 1048 4454 error
1070 4404 1097 4454 in
1116 4404 1181 4454 their
1198 4419 1317 4455 common

150 4506 187 4541 ro.
219 4491 249 4541 ι’νι
264 4489 333 4554 quod
348 4495 372 4538 et
386 4487 691 4550 m1elrdralrpouru-
740 4485 884 4550 archetype.
