3142 5100
1 493 2 510 ρ
109 415 173 482 IV.
193 416 254 501 14]
468 429 511 480 m
535 430 587 480 ΕΡ.
610 430 661 479 so
684 428 918 480 rruoruauu
942 430 964 480 1.
1267 427 1328 493 149

109 622 201 683 quae
234 611 269 665 te
298 612 333 665 et
363 600 470 666 lacere
499 612 535 666 et
564 601 647 666 alios
676 603 797 665 docere
826 601 1026 678 conueniat3
1064 610 1101 666 ut
1131 598 1327 664 assiduitate

109 703 296 768 lectionum
324 705 468 787 teipsum
494 705 670 782 instruenS,
697 704 849 767 insistere
875 705 983 787 possis
1012 705 1183 768 doctrinae
1209 711 1243 766 et
1267 721 1327 764 ex·

109 806 315 873 hortationi’
359 808 467 892 †dicit
488 810 578 873 enim
611 807 633 893 [‘
642 809 829 873 doctrinam
842 808 862 891 ']
895 809 1048 873 absolute
1079 808 1326 882 narrationem3

110 911 423 976 ‘exhortationem'
453 933 534 975 uero
573 913 644 976 siue
683 910 986 988 ‘consolationem’
1019 912 1110 975 illam
1140 910 1325 975 commoni·

111 1016 242 1079 tionem
259 1036 346 1098 quae
361 1036 406 1079 ex
420 1015 587 1099 aliquibus
600 1016 828 1080 accidentibus
842 1015 912 1079 fieri
933 1016 1026 1092 solet,
1040 1037 1142 1099 quam
1158 1016 1325 1079 interdum
1365 1028 1380 1095 5
1441 1061 1454 1080 .

112 1129 150 1183 et
167 1119 200 1183 in
217 1121 387 1184 communi
402 1121 510 1184 facere
520 1131 572 1184 est
587 1141 731 1199 necesse,
747 1121 801 1184 uel
814 1122 962 1186 maxime
972 1142 1048 1186 cum
1064 1120 1200 1185 inillam
1217 1138 1327 1182 narra·

112 1225 244 1288 tionem
264 1227 475 1290 inciderimus
494 1247 595 1309 quam
615 1227 753 1309 singulis
772 1247 943 1310 exponere
962 1248 1014 1290 res
1030 1227 1103 1308 ipsa
1117 1220 1326 1305 compellat*

111 1351 310 1413 permanere
339 1351 418 1393 uero
447 1330 618 1394 doctrinae
647 1339 682 1394 et
718 1329 945 1394 exhortationi
986 1329 1138 1412 diligenti
1179 1328 1325 1392 suadens

115 1433 354 1516 placabilitate,
369 1434 491 1497 adicit:

183 1584 255 1647 noli
267 1584 425 1668 negligere
434 1584 586 1668 gratiam
600 1604 682 1667 quae
697 1582 732 1647 in
748 1593 777 1648 te
791 1594 846 1648 est.
1344 1600 1385 1647 10

182 1735 263 1777 nam
288 1723 323 1777 et
342 1714 542 1778 sufficienter
566 1724 698 1797 poterat
720 1734 798 1777 eum
821 1714 1019 1796 persuadere
1042 1721 1079 1778 ut
1101 1733 1177 1777 cum
1208 1710 1327 1777 sollici·

115 1820 235 1882 tudine
251 1820 421 1884 doctrinae
437 1840 521 1902 opus
537 1820 698 1902 impleret,
715 1819 862 1902 eoquod
884 1819 928 1882 ad
947 1819 1096 1882 diuinam
1112 1817 1328 1882 donationem

113 1924 159 1987 ab
183 1923 249 1988 hac
275 1925 349 2007 ipsa
373 1946 474 1988 causa
496 1926 618 2007 dignus
637 1925 735 1987 suerit
754 1923 901 2006 adsequi.
946 1924 1036 1987 unde
1055 1931 1089 1985 et
1108 1922 1228 1985 mirum
1253 1940 1329 2003 pro·

112 2028 193 2090 bate
223 2028 342 2091 datum
372 2027 481 2109 ipsum
511 2049 633 2111 augere
662 2027 808 2109 cupiens,
839 2035 877 2091 ut
908 2027 1016 2110 magis
1047 2026 1221 2109 magisque
1251 2044 1329 2088 eum

114 2132 359 2209 adhortaretur,
375 2133 476 2196 adicit
490 2153 498 2197 τ
1349 2145 1383 2210 15

181 2286 266 2348 quae
294 2266 373 2331 data
401 2278 449 2331 est
477 2266 540 2332 tibi
559 2277 622 2348 per
647 2265 853 2349 prophetiam
885 2241 957 2328 cunr
993 2263 1181 2346 inpositehne
1214 2282 1332 2326 manus

106 2368 316 2451 presbyterii.

184 2504 282 2563 ‘nam
299 2508 333 2563 et
348 2500 473 2564 donum
494 2499 644 2564 diuinum
668 2509 803 2582 propter
822 2497 887 2561 hoc
908 2498 1085 2561 adsecutus
1107 2517 1151 2577 es,
1166 2516 1226 2581 per
1241 2515 1332 2561 reue·

184 2635 441 2705 ‘theotoniae’
479 2640 584 2728 φησὶν
613 2640 675 2723 τὴν
697 2640 869 2707 ἀπόλυσον
891 2639 1058 2724 ἐξήγησιν,
1081 2633 1331 2722 (παράκλησιν

113 2738 151 2806 δὲ
174 2738 238 2821 τὴν
260 2738 328 2805 ἀπὸ
348 2745 448 2808 τινῶν
466 2744 735 2827 συμβεβηκότων
754 2743 930 2811 νουθεσίαν
948 2769 985 2809 τε
1004 2741 1061 2808 καὶ
1083 2739 1276 2825 ὑπόμνησιν,
1291 2736 1332 2819 ἣν
1346 2760 1389 2807 20

112 2842 222 2909 ἐνίοτε
242 2843 303 2925 μὲν
325 2847 382 2909 καὶ
405 2846 462 2913 ἐπὶ
483 2851 543 2914 τοῦ
564 2852 675 2914 κοινοῦ
695 2846 849 2930 γίνεσθαι
873 2843 1010 2930 ἀνάγκη,
1033 2844 1187 2929 patim
1214 2843 1249 2910 δὲ
1275 2842 1332 2909 καὶ

112 2949 151 3013 ἐν
175 2952 248 3018 τοῖς
270 2949 351 3035 πρὸς
373 2948 432 3015 τὸν
453 2949 528 3015 καθ’
554 2949 611 3016 ἕνα
632 2949 832 3035 διαλέξεσιν.

171 3105 185 3138 ι
202 3089 337 3139 lectionem
356 3107 373 3138 r
527 3108 541 3156 3
558 3092 619 3143 dicit
627 3109 649 3142 e.
662 3093 716 3143 abs.
731 3109 796 3142 narr.
808 3100 947 3143 nonexort.
959 3107 1020 3142 uero
1036 3090 1090 3141 siue
1102 3105 1170 3140 cons.
1185 3088 1254 3137 illam
1266 3104 1334 3138 com-

113 3171 258 3220 monitione
274 3172 342 3234 (corr
355 3172 588 3235 commonitionum)
608 3175 633 3224 C
647 3174 708 3224 dicit
722 3191 745 3224 e.
757 3176 812 3225 abs.
829 3190 894 3225 narr.
912 3189 963 3224 non
978 3182 1055 3224 exort.
1069 3173 1091 3222 si
1102 3187 1162 3221 uero
1179 3186 1247 3220 cons.
1264 3170 1334 3219 illam

114 3252 342 3303 commonitionem
353 3254 387 3302 H
403 3270 455 3303 non
465 3255 526 3307 dicit
542 3272 564 3305 e.
576 3257 630 3306 abs.
644 3272 710 3305 narr.
722 3256 767 3305 sed
783 3257 880 3306 exhort.
895 3256 948 3305 siue
963 3254 1122 3305 collationem
1139 3252 1208 3302 illam
1225 3267 1335 3301 commo·

115 3334 217 3384 tionem
228 3349 260 3383 r:
276 3333 395 3398 qinond
403 3343 459 3385 note
580 3352 593 3401 5
611 3338 788 3388 accedentibus
807 3338 829 3387 C
834 3336 848 3362 ⁴
857 3353 873 3386 r
985 3335 1002 3387 6
1019 3335 1064 3386 ille
1075 3337 1122 3396 (ονι
1133 3334 1170 3396 in)
1181 3332 1223 3385 C*
1235 3333 1305 3383 illam
1320 3349 1337 3383 r

118 3432 147 3466 11
169 3414 193 3464 ei
204 3431 222 3462 r
298 3431 327 3465 ιι
345 3415 451 3482 implere
462 3416 504 3467 C*
580 3482 583 3486 ἢ
605 3435 634 3483 13
652 3418 759 3484 amplius
771 3418 829 3483 (ser
837 3418 892 3469 mir.
907 3418 990 3483 prob.)
1003 3434 1019 3466 r
1118 3430 1146 3480 15
1164 3415 1297 3465 adhortare
1307 3415 1342 3465 H

119 3497 152 3548 16
171 3497 326 3562 impositioni
337 3499 372 3548 H
515 3517 545 3569 ¹9
561 3516 599 3567 sq.
617 3501 694 3552 Coisl.
709 3517 765 3565 204.
778 3501 795 3552 ι’.
809 3516 884 3565 ‘¹⁰³⁸
901 3500 955 3563 [Cr.
968 3500 1011 3550 vii.
1026 3497 1066 3564 36,
1079 3498 1121 3548 Fr.
1138 3497 1195 3561 153]
1213 3498 1336 3561 θεόδωροι.

118 3581 293 3637 διδασκαλίαν,
306 3583 379 3630 mh.

155 3734 178 3783 3.
212 3721 275 3768 dicit
293 3721 361 3770 enim
383 3724 531 3783 doctn'nam,
554 3725 612 3786 dte]
649 3726 705 3775 The
756 3720 922 3782 παιδεύματα·
953 3720 998 3783 τὴν
1021 3722 1048 3771 δὲ
1071 3717 1224 3785 παράκλησίν
1245 3716 1261 3780 ἦ
1284 3718 1339 3771 7οὼ

118 3805 202 3855 MSS.
213 3804 289 3853 mein
301 3804 441 3865 confusion,
455 3806 539 3870 owing
546 3814 573 3855 to
580 3808 623 3856 the
629 3806 705 3856 omis·
756 3802 904 3864 ἀθυμοῦντας
917 3804 1077 3867 moyn-retr
1086 3799 1102 3860 ἢ
1111 3801 1166 3850 rode
1172 3797 1339 3864 ὀργιζομένους

118 3887 178 3937 sion
194 3885 225 3935 ol
231 3886 402 3936 exhortationi
417 3887 443 3937 in
459 3888 503 3937 the
520 3896 581 3937 text.
616 3889 706 3938 lhave
756 3887 809 3935 reis
817 3887 965 3949 συιιθουλαῖς
975 3882 1147 3948 μεταβάλλειν.

119 3968 299 4018 endeavoured
315 3975 342 4017 to
352 3976 446 4019 restore
458 3970 500 4019 the
514 3978 630 4020 sentence
641 3970 706 4019 from
790 3969 814 4016 8·
853 3962 1165 4030 pmmnere...doctrinae]
1187 3960 1339 4023 ²3¹‘ll370‘7

118 4051 165 4100 the
177 4050 239 4109 Gk,
254 4049 395 4101 whichhas
408 4051 558 4117 fortunately
569 4053 694 4103 survived.
757 4049 789 4111 τῇ
806 4050 959 4111 διδασκαλίᾳ.
996 4048 1052 4098 The
1069 4046 1145 4097 Latin
1167 4047 1339 4097 construction

153 4131 273 4193 absolute]
308 4132 329 4182 1.
351 4149 377 4197 q.
395 4135 530 4183 absolutam
557 4135 610 4194 (see
635 4135 707 4194 Gk),
762 4132 864 4181 isused
892 4131 973 4195 infra,
1001 4146 1026 4182 v.
1054 4128 1091 4182 16.
1138 4128 1336 4180 Placabuitate=

119 4214 253 4278 ‘generah
275 4214 383 4263 without
407 4213 531 4265 reference
549 4223 576 4265 to
598 4215 641 4264 the
664 4215 711 4264 cir.
763 4214 857 4271 ἠπίωιῖ

108 4302 281 4365 ⁴cnmstances
309 4293 339 4341 of
358 4292 402 4341 the
426 4293 577 4343 individuals
600 4293 713 4343 address·
799 4292 837 4345 16.
872 4294 974 4355 manus]
1001 4292 1058 4343 The
1069 4292 1144 4342 Latin
1156 4292 1267 4342 versione
1277 4293 1343 4343 haue

120 4377 171 4427 ed!
207 4375 248 4426 Ct'.
271 4375 362 4424 Thdt.:
384 4375 537 4436 παράκλησις
557 4378 584 4425 δὲ
601 4379 712 4426 honoro·
764 4393 896 4435 manuum,
909 4377 934 4427 in
948 4377 1102 4427 accordance
1112 4374 1173 4424 with
1185 4375 1228 4423 the
1244 4373 1295 4424 Glr.

120 4461 176 4508 tter
207 4454 319 4519 διαφέρει
346 4453 382 4517 τῷ
407 4454 454 4516 τὴν
483 4459 528 4515 μὲν
556 4459 713 4507 διδασκαλίαι
799 4461 836 4509 18.
867 4466 915 4522 per
932 4456 1113 4519 rmelatr'enem]
1147 4454 1187 4507 Cf.
1206 4468 1236 4506 11.
1257 4471 1282 4521 p.
1301 4456 1342 4515 8²,

123 4537 253 4587 ἀκωλύτως
273 4536 435 4600 [mathoen
451 4537 551 4600 διάφορα
568 4536 714 4602 προσφέρειν
764 4542 780 4589 l.
795 4548 831 4600 rt,
845 4549 911 4589 note.
1013 4550 1017 4557 '
