3142 5100
127 394 165 477 n]
482 406 525 455 m
550 405 602 455 ne.
627 404 679 454 An
703 403 966 457 rurnsuonnnr.
1274 392 1335 472 267

127 599 206 641 nam
230 578 454 662 particulatim
479 579 735 660 interpretantes
758 577 936 660 epistolam
971 575 1097 671 aliquid
1122 573 1267 659 amplius
1290 577 1339 639 in-

127 684 241 747 uenire
257 685 448 767 poterimus

192 835 324 899 Paulus
339 835 466 899 uinctus
481 836 555 899 lesu
573 833 705 900 Christi.

192 964 226 1025 in
244 966 409 1046 praesenti
426 966 562 1047 negotio
579 964 632 1027 uel
649 966 799 1028 maxime
816 975 866 1029 est
887 965 1120 1029 demirandum
1144 963 1187 1027 de
1202 972 1337 1045 aposto·

125 1065 188 1129 lica
213 1071 400 1150 prudentia,
416 1071 575 1153 quoniam
597 1072 728 1153 scripsit
743 1064 880 1152 quidem
902 1079 935 1133 et
956 1070 999 1134 ad
1023 1069 1106 1133 alios
1127 1068 1238 1152 plures
1260 1088 1337 1131 cum
1375 1075 1390 1142 5

126 1178 215 1232 esset
240 1172 273 1233 in
297 1175 445 1252 uinculis,
468 1176 554 1239 sicut
577 1197 621 1239 ex
645 1176 725 1257 ipsis
749 1175 900 1257 epistolis
923 1175 956 1237 id
980 1175 1165 1257 perspicere
1187 1182 1238 1236 est
1261 1194 1337 1255 pos·

126 1270 234 1350 sibile,
251 1288 286 1341 et
311 1280 459 1343 maxime
479 1282 511 1343 in
535 1301 575 1343 ea
596 1280 739 1363 epistola
763 1302 865 1363 quam
890 1279 960 1363 [ad]
982 1279 1146 1362 Ephesios
1167 1278 1338 1359 scripsisse
1405 1336 1408 1343 .

126 1376 281 1457 uidetur;
312 1382 404 1446 nullo
435 1405 514 1447 uero
538 1385 572 1447 in
595 1384 669 1447 loco
692 1380 878 1447 ‘uinctum’
902 1404 937 1447 se
968 1384 1001 1446 in
1028 1385 1234 1466 praefatione
1260 1405 1336 1447 curn

127 1483 265 1545 nomine
286 1504 348 1548 suo
370 1487 490 1568 posuit,
507 1486 658 1569 inquiens
682 1485 814 1549 Paulus
836 1486 973 1551 m'nctus.
1019 1487 1083 1551 hoc
1106 1509 1186 1552 uero
1208 1491 1239 1551 in
1263 1489 1337 1552 loco

126 1607 237 1669 neque
256 1590 426 1652 ‘seruum'
450 1610 558 1673 neque
582 1574 809 1672 ‘apostolum'
832 1611 869 1652 se
891 1591 988 1667 dixit,
1004 1592 1089 1655 sicut
1112 1600 1183 1655 erat
1206 1593 1235 1655 ei
1259 1612 1337 1655 con·
1356 1608 1394 1655 10

127 1690 273 1754 suetudo
288 1692 469 1771 scribendi;
487 1694 546 1756 sed
565 1692 669 1776 [quia]
682 1693 725 1755 de
740 1693 940 1774 specialibus
955 1695 1099 1776 nogotiis
1111 1695 1277 1759 scribebat
1293 1697 1336 1760 ad

127 1814 202 1857 eum
221 1803 257 1857 et
272 1795 315 1858 de
332 1795 395 1858 illis
410 1817 496 1879 quae
513 1798 545 1859 in
562 1804 731 1878 potestate
746 1797 850 1878 ipsius
873 1795 1075 1860 Philemonis
1098 1800 1209 1881 posita
1232 1813 1337 1880 erant,

126 1896 189 1960 hoc
215 1900 278 1961 sibi
306 1901 411 1982 magis
437 1903 546 1965 dicere
572 1902 745 1977 arbitrans,
769 1910 807 1964 ut
833 1922 898 1965 non
924 1904 1124 1966 auctoritate
1151 1906 1338 1985 apostolica

126 2001 251 2067 ebusus
275 2004 437 2087 Imperare
460 2007 490 2069 ei
514 2028 557 2070 ex
581 2006 640 2070 tali
665 2007 936 2090 praesumptione
952 2007 1129 2072 uideretur.
1174 2010 1233 2072 sed
1256 2008 1336 2072 illud

127 2109 236 2191 magis
251 2111 506 2192 proponendum
523 2132 595 2174 esse
613 2112 750 2186 censuit,
766 2110 859 2193 quod
877 2119 911 2173 et
927 2110 1027 2174 ualde
1048 2112 1187 2175 suadere
1206 2120 1338 2194 poterat
1357 2124 1391 2191 15

129 2214 371 2291 Philemonem,
394 2216 597 2296 cogitantem
621 2215 701 2297 quia
728 2233 795 2276 non
827 2234 988 2296 magnum
1012 2223 1099 2277 esset
1124 2223 1195 2278 tam
1220 2215 1339 2277 uilissi-

128 2339 221 2381 mum
239 2319 398 2400 praebere
414 2319 443 2382 ei
460 2319 530 2381 uiro
546 2318 602 2401 qui
622 2339 682 2399 pro
697 2316 838 2380 aliorum
857 2317 964 2380 salute
980 2317 1123 2381 habetur
1145 2320 1178 2383 in
1197 2322 1339 2386 uinculis

126 2440 204 2484 cum
235 2430 271 2485 et
301 2422 413 2487 liceret
443 2425 473 2487 ei
509 2424 536 2487 si
573 2423 732 2487 uoluisset
761 2423 827 2487 ista
857 2424 994 2486 minime
1025 2424 1117 2505 pati;
1147 2426 1233 2489 sicut
1268 2428 1339 2510 ipse

176 2592 190 2637 5
209 2592 262 2641 quo
275 2575 468 2640 (jbrquoniern)
481 2576 513 2625 H
520 2593 536 2625 r
598 2572 614 2623 6
631 2575 698 2640 quod
712 2573 817 2638 (sarid)
832 2573 922 2622 chr:
941 2590 976 2623 see
987 2581 1041 2624 note
1106 2575 1165 2641 6sq.
1186 2577 1336 2642 possibile...

127 2658 227 2708 uidetur
234 2673 298 2706 omr
311 2658 315 2721 Ι
330 2659 362 2707 ad
369 2674 407 2706 ont
420 2660 441 2708 C
447 2660 479 2707 H
532 2674 557 2708 11
578 2658 636 2723 quia
645 2673 683 2706 om
694 2656 753 2705 CH
759 2654 791 2719 rl
807 2655 977 2720 spiritualibus
985 2657 994 2718 l
995 2656 1148 2721 sirspec.)l
1211 2675 1237 2708 12
1257 2668 1340 2724 potes·

127 2741 250 2789 tatibusr
327 2752 355 2799 13
373 2740 577 2790 arbitrarisCII
641 2755 668 2802 15
686 2739 754 2803 quod
766 2738 911 2802 ponendum
924 2740 932 2797 l
932 2739 980 2801 sor
989 2742 1136 2804 propon.)r
1211 2741 1239 2792 16
1258 2743 1339 2792 Phile-

129 2838 231 2871 monem
240 2821 475 2888 cogitantemquen.
484 2839 517 2871 m.
525 2831 550 2872 et
562 2823 584 2872 C
589 2824 621 2872 H
651 2822 800 2871 Philemone
807 2821 933 2884 cogitante
941 2838 966 2871 n.
975 2838 1070 2872 messe
1079 2840 1095 2873 r
1107 2821 1111 2887 Ι
1126 2823 1271 2874 uilissimam
1284 2826 1345 2875 CH

127 2906 252 2956 uilissima
263 2923 280 2954 r
361 2919 389 2967 17
407 2906 568 2956 habebaturl
645 2905 674 2954 18
691 2903 758 2968 quod
770 2909 795 2952 et
808 2901 881 2951 licere
895 2901 933 2952 C*
967 2918 1024 2952 cum
1036 2911 1061 2952 et
1073 2904 1146 2953 licere
1160 2906 1182 2953 C
1193 2905 1266 2968 (corr)
1279 2905 1313 2953 H

164 3062 186 3095 1.
227 3048 331 3111 aliquid
355 3046 474 3112 amplius]
508 3047 557 3096 Th,
582 3062 662 3096 seems
684 3053 711 3094 to
760 3043 913 3107 anticipaled
931 3042 981 3093 this
998 3043 1109 3092 remark:
1132 3044 1183 3092 '‘in
1200 3044 1269 3094 nulla
1288 3044 1339 3110 epi-

127 3130 193 3179 harre
208 3129 260 3178 had
273 3129 356 3178 before
368 3129 420 3177 him
433 3128 474 3179 the
486 3130 582 3192 closing
594 3129 674 3177 words
686 3127 715 3176 of
761 3127 826 3175 stola
847 3126 896 3174 hoc
918 3125 1067 3188 cognomine
1087 3142 1145 3174 usus
1165 3133 1209 3185 est,
1233 3126 1290 3175 licet
1313 3127 1338 3176 in

127 3211 315 3275 Chrysostom's
327 3212 461 3276 prologue:
478 3208 587 3259 τοσαῦτα
602 3213 651 3274 γὰρ
665 3211 712 3270 ἤδη
760 3221 865 3269 corpore
876 3205 1045 3269 epistolarum,
1061 3206 1093 3254 ad
1112 3204 1235 3269 Ephesios
1251 3206 1339 3256 uideli-

129 3291 292 3354 κερδόναντες,
311 3295 413 3342 πλείονα
431 3289 588 3355 κερδανοῦμεν
604 3291 652 3341 ἀπὸ
669 3289 712 3351 τῆς
761 3295 800 3336 cet
818 3298 843 3335 et
862 3286 1036 3352 Philippenses
1053 3296 1078 3337 et
1099 3288 1268 3345 Colossenses,
1286 3306 1339 3340 esse

130 3374 202 3438 ὑφῆς.
246 3378 314 3426 Most
332 3376 361 3425 οἱ
375 3377 414 3425 his
431 3377 515 3440 points
537 3377 652 3425 however
670 3392 711 3426 are
761 3385 789 3418 se
800 3369 825 3418 in
838 3369 942 3418 uinculis
953 3386 998 3434 pro
1009 3370 1164 3420 confessione
1176 3371 1304 3421 testetur.‘'

130 3460 235 3509 distinct
248 3459 311 3508 from
323 3458 394 3508 those
408 3458 437 3507 of
450 3459 489 3508 his
504 3458 584 3507 friend
595 3459 644 3507 and
656 3475 711 3523 pre·
799 3468 834 3502 ιο.
866 3469 944 3516 neque
959 3454 1070 3515 seruum]
1101 3455 1138 3504 As
1157 3455 1181 3504 in
1204 3456 1303 3506 Phili.
1327 3473 1337 3507 1

129 3543 255 3591 decessor.
763 3533 869 3596 (Παῦλος
880 3537 919 3582 καὶ
931 3535 1043 3595 Τιμόθεος
1055 3533 1173 3600 δοῦλοι),

161 3635 255 3684 4-17.
273 3621 300 3668 in
309 3619 492 3683 praesenti...in
504 3619 623 3680 uinculis]
637 3620 710 3669 Sum·
794 3631 871 3678 neque
880 3618 1025 3679 apostolum]
1052 3618 1125 3668 Asin
1139 3619 1204 3684 Eph.
1219 3620 1236 3670 i.
1249 3637 1270 3679 r,
1283 3621 1338 3670 Col.

129 3704 240 3753 marized
252 3704 286 3767 by
299 3703 422 3752 Lanfranc
433 3704 483 3752 and
496 3703 528 3765 by
542 3703 573 3751 R.
585 3703 615 3750 of
625 3704 651 3750 B.
760 3695 776 3744 ἰ.
796 3710 804 3744 1
820 3697 863 3757 (II.
875 3695 1027 3759 ἀπόστολος).

163 3784 188 3835 6.
228 3801 258 3833 ιτ
278 3785 340 3846 ipsis
356 3782 472 3846 epistolii]
506 3784 554 3833 See
572 3798 619 3847 e-g.
642 3783 707 3847 Eph.
798 3790 834 3839 13.
865 3784 895 3825 ut
908 3780 1120 3840 rwnauctoritate,
1135 3780 1192 3842 ilco]
1226 3781 1266 3831 Cf.
1280 3783 1338 3832 Wa-

129 3869 166 3917 iii.
181 3884 203 3922 r,
216 3866 250 3916 iv.
268 3881 296 3924 ις
314 3865 378 3913 Phil.
393 3864 410 3913 i.
425 3878 466 3925 r3;
484 3865 541 3913 Col.
553 3864 586 3912 iv.
601 3867 638 3913 18.
761 3858 843 3908 latrici.
857 3860 939 3909 Strab.
955 3861 991 3909 ad
1002 3861 1027 3910 Ιν.
1038 3862 1073 3911 L:
1093 3865 1168 3911 “non
1184 3863 1245 3912 dicit
1265 3867 1338 3928 ‘apo-

166 3949 241 4012 Quod
255 3948 307 4007 (see
324 3945 412 4006 vnll.)
428 3945 449 3995 is
464 3945 540 3995 found
556 3946 582 3996 in
599 3946 663 3995 Rab.
683 3961 710 3995 as
761 3938 857 4000 stolus,’
875 3941 943 4004 quod
963 3949 1000 3990 est
1019 3958 1111 3991 nomen
1129 3943 1275 4007 dignitatisr
1294 3948 1339 3995 sed

132 4028 189 4077 well
201 4026 266 4076 asin
278 4024 322 4074 the
335 4024 427 4084 Mss.;
444 4025 488 4073 but
504 4024 523 4072 it
538 4024 559 4073 is
575 4040 603 4073 so
618 4025 710 4087 clearly
764 4018 896 4079 ‘uinctus'
918 4022 986 4085 quod
1005 4032 1043 4071 est
1062 4038 1153 4072 nomen
1176 4023 1338 4085 hunrilitatis3

130 4118 232 4174 corrupt
253 4108 307 4158 that
325 4108 337 4156 1
354 4108 419 4156 have
435 4108 554 4156 ventured
576 4117 602 4156 to
621 4109 709 4157 substi-
761 4104 881 4168 quianon
893 4104 1007 4169 imperat.
1020 4107 1064 4155 sed
1076 4104 1157 4156 orat.''

132 4202 185 4242 tute
193 4191 229 4247 id,
236 4190 297 4240 with
307 4190 390 4239 which
399 4190 466 4254 quod
474 4191 554 4254 might
562 4191 640 4253 easily
647 4191 711 4240 haue
797 4201 835 4249 15.
856 4190 925 4251 quod
932 4195 956 4237 et
966 4189 1039 4237 ualde
1044 4190 1152 4251 suadere,
1162 4191 1219 4253 ico]
1237 4192 1338 4257 Chrysa

132 4271 377 4323 beenconfounded.
761 4271 789 4318 τὸ
812 4270 951 4328 ἀξιοπισταν
973 4270 1084 4319 ἐντεῦθεν
1104 4272 1203 4322 δεικνύς.
1245 4274 1337 4326 Thon:

163 4359 187 4405 8.
224 4354 296 4402 nullo
306 4353 469 4412 woinloco,
483 4353 541 4415 δια]
568 4354 652 4416 ‘Only
667 4353 711 4402 the
760 4347 893 4413 ἀξιόχρεων
913 4351 953 4399 διὰ
974 4349 1021 4399 τῶν
1042 4353 1135 4411 δεσμῶν
1158 4357 1341 4413 κατασκευάζων

132 4437 223 4499 Epio
243 4433 374 4482 Philemon
393 4448 471 4496 opens
489 4433 549 4481 with
569 4433 610 4481 the
628 4448 711 4497 super·
761 4433 806 4491 τὴν
823 4435 926 4493 αἴτησιν.
965 4435 1054 4484 Ilien:
1075 4436 1239 4488 “necessaria
1254 4448 1338 4489 aucto-

131 4514 250 4578 scription
264 4513 362 4560 Παὺλας
374 4509 486 4569 δέσμιος]
516 4511 650 4575 S.Jerome
661 4512 711 4560 had
762 4516 822 4565 ritas
833 4513 1014 4566 uinculorum.'‘
