3142 5100
159 395 162 401 ,
249 370 294 433 40
377 360 380 365 ’
589 367 819 420 runononus
842 367 1135 422 uorsunsrnuus
1254 356 1307 441 [V.
1324 358 1467 437 24-28.

250 539 359 625 gratia
374 541 502 626 integra
518 542 552 608 in
568 543 633 609 illis
647 545 864 624 custodiatur,
881 544 1008 611 nullam
1023 547 1190 611 sustinens
1206 545 1468 610 minorationem

251 657 387 733 propter
401 670 516 715 eorum
531 649 704 726 malitiam,
717 650 764 714 ita
780 658 818 714 ut
833 650 867 714 in
884 649 1007 716 Christi
1023 650 1170 715 aduentu
1182 650 1321 732 adsequi
1333 649 1468 732 possint

251 758 403 815 aeternas
418 753 597 817 mercedes.
620 761 655 817 et
670 759 708 816 ut
723 772 790 816 non
806 754 850 818 de
865 752 1017 818 oratione
1028 750 1121 816 dubii
1136 750 1331 824 habeantur,
1344 748 1469 813 adicit:

307 894 422 979 fidelis
434 895 494 980 qui
506 896 635 961 uocauit
648 916 713 974 uos,
728 896 906 981 quifaciet.

220 1033 236 1100 5
316 1020 380 1087 hoc
395 1030 469 1088 est:
491 1026 608 1088 ‘uerus
630 1032 682 1088 est
704 1025 761 1108 qui
784 1045 910 1090 uocans
932 1045 993 1089 uos
1013 1025 1103 1090 bona
1118 1025 1213 1091 uobis
1228 1024 1391 1109 promisit,
1407 1023 1468 1108 qui

252 1135 287 1193 et
301 1126 443 1211 replebit
459 1148 519 1193 uos
533 1148 595 1191 sua
609 1126 861 1194 benedictione!

308 1292 449 1375 fratres,
464 1302 555 1358 orate
568 1303 600 1358 et
605 1304 669 1376 pro
684 1297 785 1363 nobis.

317 1416 431 1481 scribit
446 1426 572 1501 etpost
587 1417 651 1482 hoc
667 1419 715 1483 ita
729 1427 817 1484 utet
832 1440 893 1503 pro
908 1440 945 1484 sc
960 1429 1064 1498 orent,
1081 1418 1181 1484 simul
1196 1420 1231 1484 in
1247 1418 1387 1484 caritate
1401 1438 1467 1484 sua

253 1535 311 1580 eos
337 1520 567 1602 constringens
579 1539 588 1598 ;
622 1541 701 1585 nam
731 1530 765 1585 et
795 1530 833 1586 ut
859 1542 920 1605 pro
946 1521 1106 1587 alterutro
1132 1528 1236 1597 orent,
1261 1521 1319 1584 lex
1345 1518 1468 1603 defigit

201 1634 241 1684 10
253 1622 408 1701 caritatis,
430 1643 492 1687 nec
513 1625 602 1688 enim
625 1644 785 1708 umquam
804 1645 898 1689 orare
920 1625 1086 1709 patiemur
1107 1645 1170 1707 pro
1197 1623 1262 1688 illis
1283 1644 1369 1707 quos
1395 1643 1466 1686 non

253 1726 431 1808 diligimus
476 1726 624 1793 simulet
644 1729 778 1793 instruit
798 1748 860 1793 nos
879 1729 1026 1812 idipsum
1046 1730 1149 1796 etiam
1172 1729 1216 1795 ab
1239 1728 1382 1794 inuicem
1406 1728 1466 1793 de-

253 1827 332 1893 bere
346 1827 558 1913 depostulare
573 1839 607 1895 et
622 1831 731 1895 iacere
746 1851 808 1914 pro
823 1829 990 1897 alterutro.

318 1987 460 2053 salutate
464 1987 597 2070 fratres
610 2009 720 2054 omncs
734 1990 771 2053 in
785 1988 890 2054 osculo
902 1999 1022 2055 sancto.

318 2126 440 2189 deinde
455 2133 489 2189 et
504 2124 674 2207 praecepit
689 2124 736 2187 eis
752 2142 870 2188 omnes
887 2122 1004 2187 iratres
1019 2120 1165 2189 salutare
1175 2125 1211 2189 in
1225 2124 1330 2190 osculo
1343 2134 1465 2201 sancto,

201 2235 238 2303 ις
253 2232 424 2291 ‘sanctum
440 2224 607 2291 osculum'
622 2227 737 2291 dicens
752 2227 843 2310 quod
859 2246 935 2291 cum
951 2226 1099 2310 perlecta
1115 2226 1255 2292 efficitur
1269 2228 1417 2303 caritate.

317 2391 435 2457 adiuro
457 2413 515 2458 uos
527 2403 591 2475 per
610 2392 801 2472 Dominum,
817 2402 857 2458 ut
879 2392 1010 2476 legatur
1028 2394 1161 2475 epistola
1182 2394 1330 2460 omnibus
1343 2394 1467 2459 sanctis

243 2493 424 2578 fratribus.

318 2635 458 2712 adiurat,
485 2645 522 2700 ut
546 2634 689 2718 epistola
712 2634 869 2699 omnibus
896 2633 1028 2717 legatur
1051 2634 1177 2699 sanctis
1203 2632 1367 2708 iratribus,
1392 2650 1466 2693 sus-

252 2738 369 2821 picans
393 2759 438 2802 ex
462 2737 627 2821 aliquibus
649 2737 821 2821 quaesibi
844 2736 975 2802 fuerant
997 2736 1118 2814 delata,
1145 2736 1304 2820 quoniam
1327 2753 1396 2797 non
1419 2734 1463 2798 ad

198 2852 241 2902 20
254 2841 403 2906 omnium
418 2842 573 2906 notitiam
590 2840 714 2924 scripta
728 2841 799 2905 eius
815 2840 1029 2907 deferrentur.
1074 2852 1109 2907 et
1123 2850 1201 2927 post
1216 2841 1279 2905 hoc
1294 2840 1466 2905 adiciens:

313 3003 432 3087 gratia
446 3002 575 3069 domini
586 3002 694 3068 nostri
706 3002 780 3067 Iena
798 3001 926 3069 Chresti
938 3004 1109 3069 uobrssrcrtm.
1152 3024 1255 3069 amen.

320 3161 570 3209 consummasse
586 3142 720 3207 uidetur
735 3139 922 3226 epistolam.

303 3353 320 3399 4
336 3349 379 3385 eos
391 3331 513 3397 (seruos)
527 3332 565 3383 C·
578 3331 627 3397 ΗΙ
640 3339 665 3383 et
677 3330 789 3397 (astqui)
800 3332 969 3394 adducar)
1005 3331 1080 3381 etiam
1091 3330 1167 3380 addr
1256 3345 1286 3380 10
1302 3329 1432 3380 caritatem
1446 3331 1469 3381 C

255 3416 289 3465 H
294 3432 311 3465 r
404 3430 433 3480 19
449 3415 548 3465 delatae
558 3429 576 3463 r
666 3430 698 3464 20
713 3414 856 3464 deferentur
868 3412 908 3463 C*
998 3427 1027 3462 οι
1047 3414 1105 3462 Iesu
1116 3412 1178 3462 Chr.
1189 3427 1229 3460 om
1240 3411 1275 3460 H
1358 3427 1389 3461 υ
1406 3427 1466 3462 con-

255 3497 365 3547 firmasse
377 3496 434 3560 (jor
442 3494 635 3560 consummasse)
646 3496 680 3545 H
710 3495 758 3547 hoc
769 3497 837 3546 enim
851 3497 929 3547 uerbo
944 3510 1012 3546 cons.
1026 3495 1154 3560 apostolus
1166 3495 1266 3544 uidetur
1279 3509 1350 3568 suam
1365 3511 1406 3560 ep.
1419 3512 1435 3544 r
1449 3494 1454 3559 Ι

255 3576 358 3642 explicit
373 3577 480 3642 epistola
495 3577 527 3626 ad
544 3575 765 3627 thessalonicenses
782 3577 863 3642 prima
874 3576 963 3640 incipit
973 3584 1147 3641 argumentum
1158 3575 1185 3625 in
1200 3563 1258 3640 epla
1272 3575 1333 3624 scda
1349 3575 1383 3623 ad
1399 3572 1466 3624 thes·

255 3660 421 3711 salonicenses
438 3659 488 3725 (ast
503 3659 644 3724 epistolam)
662 3658 714 3708 add
730 3656 836 3723 Clcorr)
876 3658 978 3723 explicit
995 3658 1028 3708 ad
1045 3657 1132 3708 thesal.
1157 3673 1177 3708 1.
1197 3656 1285 3722 incipit
1301 3655 1411 3706 secunda
1432 3656 1466 3705 ad

255 3744 358 3794 eosdem
369 3742 403 3792 H

291 3924 314 3972 3.
348 3906 706 3971 utnon...adicit]1anfrnnc.
922 3917 960 3968 15.
978 3901 1466 3965 ‘sumtumosc'dicens1'l'hisorakin-

290 4003 314 4052 5·
347 3989 548 4052 ucrus]=uerax.
567 3990 665 4040 Thdtn
681 3990 710 4040 τὸ
727 3989 836 4040 πιστὸς
886 3987 949 4038 dred
958 3985 1469 4038 commentisioundinCramer’scatena

255 4070 312 4123 dari
322 4071 366 4123 τοῦ
377 4070 478 4134 dunen
887 4069 930 4133 (vi.
943 4081 1018 4134 374=
1025 4069 1102 4118 Coisl.
1115 4083 1172 4129 204,
1182 4066 1199 4116 f·
1210 4065 1256 4129 176
1262 4065 1305 4132 b):
1316 4065 1387 4130 ἅγιον
1397 4068 1468 4130 λέγει

293 4171 331 4206 ιο.
347 4155 558 4217 τανιῖατίςῙΙὴιινε
564 4153 675 4219 adopted
682 4151 836 4219 DrJacobi’s
886 4150 1097 4212 τὸμετὰγνησίας
1108 4147 1151 4208 τῆς
1162 4146 1402 4209 ἆγόπηςγινόμενον.
1425 4149 1467 4199 Cf.

257 4236 404 4293 correction,
426 4235 509 4286 which
536 4235 579 4285 the
606 4248 678 4285 sense
704 4249 784 4284 seems
806 4241 834 4284 to
885 4231 1061 4295 Oce-:trchp
1074 4228 1231 4294 ratdolepir,
1246 4232 1467 4286 ὡςτὸτοΰἸούδα.

257 4317 362 4382 require.
396 4317 452 4367 The
463 4315 566 4381 reading
579 4315 609 4365 oi
623 4314 666 4365 the
682 4315 761 4365 MSS.
776 4330 835 4378 may
922 4317 959 4366 18.
989 4314 1231 4379 sacspr'cans1'l'hdt.:
1244 4313 1470 4377 εἰκὸςγὰρῆντοὺς

257 4399 321 4448 have
348 4396 489 4462 originated
510 4395 537 4445 in
563 4397 607 4446 the
633 4396 721 4446 sailure
748 4395 778 4446 oi
792 4396 835 4447 the
886 4394 1333 4460 πρώτονςτὴνέπιστολὴιδεξαμένους
1343 4398 1469 4456 phrices

258 4480 367 4546 copyists
378 4487 404 4530 to
416 4479 568 4529 understand
578 4478 661 4542 defigit
671 4477 774 4527 intrans.
886 4479 978 4539 radrnr
990 4478 1169 4541 προσενεγκεῖν.
