3142 5100
572 401 696 464 29²
1493 397 1895 445 aprunum
1954 401 2019 445 A.

572 565 680 625 sed
709 575 846 643 post
866 564 1073 625 mortis
1093 563 1563 626 destructionem
1585 566 1830 624 donauit
1850 567 1909 625 ei
1920 567 2087 625 Deus
2109 586 2308 626 nomen
2329 577 2513 645 supra
2538 586 2693 627 omne
2715 562 2930 624 Μ’.

572 660 678 738 qui
732 662 1000 735 donauit,
1048 664 1214 722 Deus
1262 673 1352 722 est
1373 685 1390 736 ;
1443 662 1544 722 cui
1589 662 1858 735 donauit,
1906 665 2091 724 homo
2138 666 2310 726 Iesus
2358 665 2647 736 Christus,
2688 659 2936 740 primitiae

574 760 1021 839 resurgentium.
1109 771 1200 820 est
1228 760 1389 820 enim
1410 764 1825 839 pn’mogenitus
1850 782 1918 821 ax
1947 766 2250 823 mortuas-t
2338 762 2609 823 ascendit
2635 782 2779 840 erge,
2799 771 2851 819 et
2873 757 2936 816 ad

574 861 876 920 dexteram
916 858 1105 921 Patris
1144 862 1330 933 sedet,
1362 871 1424 920 et
1451 873 1538 921 est
1568 880 1750 937 super
1776 861 1991 920 omnia.
2081 880 2120 921 o
2156 862 2342 938 gratia
2380 881 2537 939 quae
2573 880 2739 938 super
2770 854 2939 917 omnia

510 973 542 1033 5
575 960 717 1018 data
745 970 834 1018 est
864 958 1040 1017 Iesu!
1101 978 1139 1018 o
1166 958 1355 1035 gratia
1382 977 1536 1034 quae
1565 958 1869 1035 superauit
1904 958 2174 1018 omnium
2214 963 2526 1018 naturam!
2586 957 2684 1034 qui
2709 969 2789 1016 est
2813 954 2938 1014 eius·

573 1058 715 1118 dem
763 1054 909 1114 mihi
954 1067 1200 1115 naturae
1248 1074 1428 1132 super
1470 1057 1705 1115 caelum
1757 1058 2200 1116 demonstratus
2249 1068 2354 1128 est,
2405 1055 2468 1114 in
2517 1056 2746 1115 dextera
2783 1050 2938 1111 Patris

573 1156 779 1227 sedet3
824 1166 882 1213 et
926 1152 1065 1214 dico
1105 1155 1185 1213 ad
1228 1173 1405 1214 eum:
1456 1160 1608 1214 ‘non
1651 1173 1775 1213 una
1814 1166 2026 1214 natura
2067 1174 2205 1215 mea
2245 1167 2307 1215 et
2348 1166 2489 1230 tua3
2545 1165 2605 1215 et
2644 1165 2705 1212 tu
2734 1149 2937 1228 quidem

572 1250 635 1310 in
663 1253 851 1322 caelo,
881 1270 994 1329 ego
1022 1262 1221 1312 autem
1253 1251 1314 1311 in
1343 1250 1759 1328 passionibus;
1801 1265 1862 1312 et
1896 1263 1958 1312 tu
1996 1251 2241 1328 quidem
2281 1272 2460 1329 supra
2496 1269 2730 1312 omnem
2764 1242 2943 1325 princi·

572 1364 779 1431 patum
817 1364 878 1412 et
913 1360 1289 1428 potestatem,
1328 1369 1442 1427 ego
1482 1362 1682 1411 autem
1726 1350 1789 1409 in
1829 1352 2058 1409 caeno.’
2141 1349 2250 1410 sed
2291 1350 2530 1410 audiam
2572 1349 2649 1408 ad
2687 1366 2770 1416 ea,
2807 1340 2942 1419 quod

474 1470 546 1509 10
579 1452 761 1511 ‘bene
780 1446 1145 1525 complacuit
1163 1445 1224 1505 in
1247 1466 1344 1507 me
1364 1445 1522 1506 Patri
1535 1447 1608 1523 ζ)
1676 1448 1969 1523 numquid
1979 1447 2120 1505 dicit
2124 1447 2470 1523 figmentum
2496 1449 2556 1505 α’
2573 1447 2675 1522 qui
2693 1444 2941 1520 sefinxil:

578 1553 785 1622 ‘quare
806 1545 887 1602 sic
910 1542 1301 1620 mefecistt'§?’
1368 1542 1519 1601 nihil
1546 1542 1745 1603 habeo
1773 1544 1852 1603 ad
1880 1544 1997 1601 hoc
2025 1545 2192 1620 quod
2221 1542 2433 1603 dicam.
2522 1543 2628 1602 sed
2647 1539 2756 1601 mei
2774 1540 2942 1597 fratres

573 1642 677 1718 qui
709 1642 976 1702 eiusdem
1005 1640 1152 1700 mihi
1181 1639 1381 1701 matris
1409 1651 1546 1701 sunt
1576 1641 1680 1700 filii
1706 1641 1917 1702 dicunt
1945 1640 2125 1701 mihi:
2171 1644 2187 1673 ‘
2204 1661 2326 1701 non
2361 1660 2572 1718 separa
2596 1637 2871 1698 hominem
2895 1645 2944 1693 et

576 1741 793 1810 Deum,
833 1739 943 1798 sed
980 1757 1165 1797 unum
1209 1739 1587 1815 eundemque
1626 1739 1743 1811 dic,
1780 1739 2086 1799 hominem
2124 1739 2331 1800 dicens
2368 1739 2797 1799 connaturalem
2825 1730 2944 1792 mihi

577 1839 816 1897 Deum!
899 1834 949 1896 si
991 1836 1190 1896 dicam
1234 1838 1686 1896 connaturalem
1737 1839 1955 1908 Deum,
2005 1838 2104 1897 dic
2146 1838 2457 1912 quomodo
2491 1837 2672 1895 homo
2712 1843 2766 1892 et
2808 1833 2943 1890 Deus

475 1954 544 2013 15
577 1953 766 1995 unum
798 1945 906 1995 est.
980 1935 1277 2011 numquid
1314 1953 1437 1993 una
1477 1946 1691 1994 natura
1726 1934 1988 1995 hominis
2031 1947 2091 1995 et
2135 1933 2270 2007 Dei,
2303 1933 2536 1994 domini
2563 1944 2624 1993 et
2659 1928 2818 2000 serui,
2853 1928 2945 1985 sac·

575 2031 723 2093 toris
758 2042 819 2093 et
851 2033 1160 2092 facturae?
1238 2033 1427 2093 homo
1464 2032 1697 2092 homini
1730 2033 2256 2093 consubstantialis
2290 2044 2398 2105 est,
2431 2034 2601 2092 Deus
2625 2041 2811 2091 autem
2836 2029 2946 2086 Deo

577 2128 1103 2190 consubstantialis
1130 2140 1238 2189 est.
1311 2130 1624 2206 quomodo
1652 2129 1829 2207 igitur
1854 2131 2040 2190 homo
2069 2142 2129 2190 et
2161 2131 2328 2190 Deus
2356 2149 2545 2189 unum
2572 2147 2676 2205 per
2701 2123 2946 2185 unitatem

576 2246 709 2288 esse
738 2237 956 2304 potest,
985 2227 1088 2303 qui
1119 2226 1409 2287 saluificat
1451 2239 1512 2287 et
1553 2226 1657 2305 qui
1699 2227 2078 2301 saluificatur‚
2108 2229 2213 2306 qui
2255 2240 2394 2288 ante
2422 2229 2657 2288 saecula
2682 2236 2765 2286 est
2788 2235 2841 2282 et
2864 2218 2949 2297 qui

578 2344 651 2384 ex
674 2323 869 2383 Maria
888 2323 1206 2400 adparuit?
1260 2324 1370 2383 sed
1389 2324 1779 2386 uehementer
1806 2325 1986 2386 doleo
2016 2324 2158 2402 quia
2183 2325 2304 2385 mei
2330 2327 2537 2385 fratres
2566 2324 2708 2383 haec
2733 2317 2859 2379 mihi
2881 2315 2950 2375 di·

475 2443 550 2481 20
578 2432 741 2495 cunt,
770 2430 836 2481 ut
864 2423 1077 2500 loquar
1104 2420 1166 2480 in
1194 2418 1448 2481 ecclesia
1474 2441 1629 2499 quae
1657 2442 1781 2482 non
1811 2433 1900 2482 est
1928 2421 2212 2501 possibile
2241 2422 2439 2483 dicere
2469 2425 2624 2482 bene
2649 2417 2924 2497 sapientes.

1649 2598 1828 2657 Boox
1873 2614 1927 2655 v.

825 2705 901 2788 [F
902 2728 988 2768 ac.
1021 2706 1096 2767 ix.
1131 2728 1165 2785 3
1199 2707 1262 2788 (“
1285 2707 1496 2786 quinto
1525 2708 1605 2769 de
1633 2709 2052 2770 Incarnatione
2079 2710 2248 2782 libro,
2280 2709 2544 2787 capitulo
2571 2705 2734 2788 lii”)].

704 2822 968 2897 Quando
1011 2832 1251 2882 naturas
1296 2822 1550 2900 quisque
1600 2821 1898 2897 discernit,
1942 2824 2193 2883 alterum
2248 2833 2309 2883 et
2362 2825 2609 2883 alterum
2663 2815 2953 2881 necessario

581 2919 828 2980 inuenit.
902 2929 962 2980 et
1009 2919 1151 2979 huic
1198 2917 1284 2979 rei
1331 2938 1530 2994 neque
1572 2919 1739 2998 ipsos
1781 2932 1931 2998 puto
1974 2941 2304 2999 repugnare
2351 2920 2498 2997 quia
2538 2922 2773 2980 alterum
2815 2919 2951 2975 Deus

581 3019 851 3080 verbum
894 3027 1121 3090 natura,
1163 3019 1417 3078 alterum
1471 3029 1673 3078 autem
1728 3019 1893 3095 quod
1941 3019 2327 3096 adsumptum
2368 3029 2461 3079 est
2503 3005 2792 3096 (quicquid
2831 3011 2951 3072 illud

583 3115 684 3194 sit)
712 3117 1082 3177 concedatur
1097 3137 1115 3189 ;
1157 3116 1275 3175 hoc
1311 3114 1548 3176 interim
1590 3115 1734 3176 item
1776 3135 2035 3193 persona
2070 3116 2234 3177 idem
2270 3116 2400 3194 ipse
2436 3113 2743 3185 inuenitur,
2770 3126 2955 3186 nequa-

482 3237 513 3275 2
520 3234 551 3294 5
585 3231 766 3289 quam
794 3211 1059 3272 confusis
1087 3210 1328 3283 naturiS,
1358 3215 1467 3271 sed
1495 3223 1734 3289 propter
1761 3211 2190 3272 adunationem
2218 3230 2372 3287 quae
2400 3213 2559 3270 facta
2582 3221 2670 3270 est
2693 3201 2953 3279 adsumpti

583 3310 662 3371 ad
702 3309 1135 3369 adsumentem.
1222 3305 1272 3367 si
1315 3307 1475 3368 enim
1516 3307 1744 3385 integre
1786 3308 2131 3369 conceditur
2170 3309 2290 3367 hoc
2322 3308 2575 3366 alterum
2610 3323 2732 3365 esse
2769 3302 2835 3362 ab
2869 3299 2953 3358 illo

582 3419 810 3480 natura,
841 3417 904 3467 et
943 3403 1324 3465 manifestum
1362 3404 1503 3482 quia
1539 3407 1790 3482 aequale
1827 3425 1951 3465 non
1981 3418 2071 3466 est
2098 3405 2265 3482 quod
2302 3405 2685 3480 adsumptum
2709 3411 2792 3461 est
2814 3397 2953 3457 adsu-

584 3502 771 3564 menti
789 3524 809 3578 3
865 3501 1243 3562 manifestum
1293 3502 1437 3579 quia
1491 3502 1654 3562 idem
1700 3502 1827 3579 ipse
1881 3502 2216 3563 inuenietur
2267 3499 2635 3561 adunatione
2687 3510 2950 3575 personae.

586 3601 673 3662 sic
716 3620 855 3678 ergo
901 3599 1166 3677 oportuit
1208 3598 1473 3660 diuidere
1516 3620 1672 3677 quae
1713 3600 1870 3660 circa
1915 3599 2219 3662 Christum
2262 3609 2436 3673 sunt3
2490 3598 2617 3658 istis
2656 3596 2803 3657 enim
2838 3589 2955 3653 diui-

482 3716 559 3772 32
588 3698 855 3760 sionibus
904 3698 1263 3758 contrarium
1307 3696 1455 3756 nihil
1504 3709 1613 3772 est,
1660 3700 1811 3758 haec
1859 3697 2020 3757 enim
2065 3698 2314 3756 multam
2371 3696 2551 3756 etiam
2598 3715 2731 3755 cum
2773 3687 2954 3754 diuinis

586 3796 795 3857 litteris
822 3794 1279 3856 consonantiam
1306 3795 1547 3856 habent.
1634 3796 1721 3856 sic
1757 3814 1954 3872 neque
1990 3805 2332 3855 naturarum
2361 3791 2635 3855 confusio
2659 3794 2769 3866 fiet,
2795 3803 2954 3865 neque

587 3914 880 3973 personae
928 3893 1226 3969 quaedam
1280 3913 1465 3970 praua
1518 3891 1753 3953 diuisio.
1841 3904 2081 3953 maneat
2134 3892 2296 3953 enim
2353 3905 2415 3953 et
2469 3906 2798 3953 naturarum
2837 3886 2955 3947 ratio

589 3990 903 4053 inconfusa
946 3999 1006 4050 et
1052 3989 1310 4050 indiuisa
1350 4002 1749 4066 cognoscatur
1787 4007 1918 4048 esse
1953 4008 2244 4065 persona;
2287 3989 2434 4048 illud
2472 3989 2716 4066 quidem
2746 3982 2956 4064 proprie-

590 4100 712 4150 tate
754 4098 1015 4160 naturae‚
1062 4085 1255 4147 diuiso
1297 4087 1464 4163 quod
1505 4087 1888 4162 adsumptum
1931 4095 2021 4145 est
2061 4085 2138 4145 ab
2179 4086 2571 4162 adsumente3
2616 4085 2756 4145 illud
2792 4094 2953 4144 autem

693 4250 752 4300 13
786 4235 868 4284 dic
890 4233 1161 4283 hominem.
1190 4234 1305 4284 dico
1328 4250 1477 4284 conn.
1501 4234 1642 4284 mihi.
1666 4235 1780 4283 dico
1807 4235 1871 4284 D.
1903 4235 1946 4285 C
2007 4235 2090 4283 dic
2111 4235 2181 4294 h..
2211 4236 2384 4286 dicens
2407 4255 2419 4285 :
2451 4236 2568 4286 dico
2589 4237 2679 4287 &a
2713 4236 2759 4284 V
2908 4247 2955 4291 14

591 4317 707 4366 dico
741 4314 857 4380 (χόν
876 4314 993 4374 deo)
1022 4314 1125 4362 CV
1218 4315 1277 4365 16
1309 4322 1424 4364 sunt
1450 4316 1565 4379 (fhr
1585 4316 1680 4373 est)
1718 4316 1767 4363 V
1854 4327 1911 4376 17
1943 4331 2071 4364 unus
2106 4317 2156 4364 V
2267 4317 2326 4365 18
2349 4317 2434 4381 qui
2459 4315 2551 4379 (2⁰)
2575 4333 2650 4365 om
2676 4315 2720 4366 C
2743 4314 2820 4378 qui
2839 4309 2954 4360 salui-

594 4400 768 4449 ficatur
789 4399 875 4464 qui
898 4400 1140 4449 saluificat
1176 4399 1227 4446 V
1243 4396 1251 4462 Ι
1282 4404 1330 4446 et
1354 4398 1440 4461 qui
1463 4413 1508 4447 a.
1537 4413 1578 4446 s.
1605 4400 1701 4459 (om
1725 4399 1820 4456 est)
1856 4398 1908 4445 V

759 4503 785 4526 ⁴·
823 4504 953 4550 Phil.
979 4504 1030 4550 ἰί.
1058 4520 1103 4566 9.
1241 4504 1275 4556 ἢ·
1308 4505 1418 4553 Col.
1449 4504 1481 4552 i.
1517 4507 1592 4553 18.
1729 4506 1762 4562 Σ
1795 4504 1869 4564 [S.
1902 4504 2050 4554 Matr.
2079 4505 2146 4555 iii.
2181 4505 2298 4567 17?]
2426 4508 2454 4566 5
2491 4506 2639 4555 Rom.
2662 4504 2724 4555 ix.
2753 4518 2821 4552 πο.
