3142 5100
220 435 667 492 FRAGMENTS
713 437 807 492 οι·-
851 436 1007 490 THE
1052 436 1446 493 noenum
1491 441 1757 494 womzs
1804 438 1900 494 OF
1943 436 2371 492 TnssonoRE.
2437 431 2559 504 325

165 613 551 693 intellegimus
577 626 775 676 autem
807 635 942 677 eum
969 614 1174 691 filium,
1203 635 1329 677 non
1358 618 1523 695 quod
1562 636 1671 696 per
1697 637 1760 678 se
1790 614 2025 678 dicatur
2049 614 2221 687 filius,
2254 614 2361 675 sed
2400 612 2568 691 quod

163 711 257 772 illa
299 714 724 775 coniunctione
767 733 951 791 quam
993 715 1177 777 habet
1220 736 1360 776 curn
1409 736 1484 778 eo
1529 714 1633 794 qui
1677 734 1821 777 uere
1863 726 1954 777 est
2000 712 2154 775 filius
2192 711 2388 774 taliter
2412 729 2565 770 nun·

164 822 418 888 cupetur.

276 908 549 970 misertus
590 921 680 970 est
714 913 958 973 Creator
990 910 1259 989 perditae
1296 923 1600 973 creaturae
1636 921 1696 972 et
1729 909 1857 971 sine
1891 906 2315 971 commixtione
2354 912 2564 968 format

165 1004 459 1082 infantem,
489 1009 761 1086 perducit
789 1011 870 1071 ad
897 1020 1155 1071 aetatem
1183 1010 1433 1083 uirilem,
1464 1009 1971 1070 incrementorum
2000 1007 2244 1086 quidem
2285 1027 2563 1085 proca-5511
2635 1020 2667 1080 5

165 1114 396 1166 naturae
442 1105 891 1168 similitudinem
950 1126 1060 1184 pro
1105 1107 1291 1167 modo
1333 1104 1700 1167 credulitatis
1747 1104 2086 1179 insinuans;
2147 1104 2380 1165 occulte
2427 1124 2567 1164 uero

164 1197 347 1262 eidem
374 1205 694 1282 copulatus
722 1205 1000 1280 existenS,
1032 1224 1159 1264 non
1198 1206 1404 1265 aberat
1446 1224 1587 1264 cum
1627 1206 1992 1277 formaretur,
2033 1220 2159 1262 non
2194 1198 2567 1262 diuidebatur

165 1320 292 1360 eum
330 1312 682 1377 nasceretur,
727 1302 998 1379 loquenti
1040 1302 1394 1363 coniunctus
1438 1314 1546 1376 est,
1587 1321 1866 1380 praesens
1908 1300 1970 1360 in
2008 1299 2134 1360 eius
2172 1299 2403 1361 actibus
2447 1324 2567 1380 pcr-

167 1417 447 1475 seueram,
480 1411 663 1476 atque
691 1399 774 1460 ibi
803 1419 967 1460 suam
1000 1399 1439 1460 connexionem
1468 1399 1598 1460 sine
1627 1411 1879 1477 peccato
1907 1396 2268 1458 custodienS.

169 1537 313 1620 [The
338 1541 673 1620 remaining
699 1543 1017 1621 fragments
1045 1541 1107 1601 in
1138 1543 1491 1602 Mercator’s
1521 1541 1701 1602 Latin
1723 1542 1946 1619 belong
1967 1552 2030 1601 to
2055 1538 2342 1613 Diodore,
2363 1556 2571 1616 exampt

407 1639 514 1698 the
540 1639 655 1698 last
683 1650 816 1714 τῆνο,
847 1637 1039 1698 which
1066 1657 1168 1699 are
1193 1637 1464 1699 ascribed
1492 1637 1555 1697 in
1585 1638 1688 1699 the
1718 1638 1854 1698 Vat.
1889 1653 1987 1697 ms,
2022 1646 2088 1697 to
2119 1631 2303 1716 Ibas].

260 1940 410 2025 [Act.
447 1947 639 2008 Conc.
677 1948 797 2008 CP.
828 1945 884 2006 ii.
921 1964 1001 2005 ιν.
1034 1965 1108 2024 35
1145 1947 1205 2027 (“
1229 1946 1500 2007 eiusdem
1529 1944 1839 2006 Theodori
1867 1964 1940 2006 ex
1968 1946 2186 2006 eodem
2215 1944 2447 2024 libro³⁵jgt

710 2045 841 2122 Vig.
875 2049 951 2122 36
982 2046 1044 2127 (⁴⁴
1064 2045 1170 2105 ubi
1197 2045 1276 2106 ad
1304 2045 1673 2123 baptizatum
1700 2041 2027 2125 dicitur’')].

279 2178 551 2238 Renatus
594 2180 743 2239 alter
783 2180 974 2239 factus
1016 2198 1081 2239 es
1117 2197 1226 2257 pro
1253 2179 1459 2251 altem,
1490 2196 1617 2237 non
1645 2177 1764 2236 iam
1794 2195 1930 2254 pars
1958 2175 2156 2235 Adam
2185 2176 2483 2236 mutabilis
2515 2192 2571 2236 ct
2611 2192 2679 2232 m

169 2274 412 2348 peccatis
453 2273 818 2350 circumfusi,
858 2277 967 2337 sed
1004 2275 1244 2350 Christi,
1283 2273 1386 2353 qui
1427 2274 1680 2336 omnino
1721 2272 2100 2351 inculpabilis
2140 2292 2246 2351 per
2284 2292 2569 2334 resurrec-

171 2368 378 2432 tionem
406 2374 603 2434 factus
631 2384 736 2435 est.

242 2560 399 2644 [Act
425 2567 617 2627 Cone.
652 2567 771 2627 (ΣΡ.
804 2565 861 2627 ii.
897 2583 973 2626 ιν.
1008 2584 1083 2643 37
1116 2566 1139 2633 (
1150 2571 1183 2599 “
1201 2566 1471 2628 eiusdem
1500 2586 1578 2627 ex
1607 2567 1825 2627 eodem
1855 2564 2094 2646 libro'').
2181 2566 2313 2645 Vig.
2342 2564 2459 2644 37³}

280 2689 365 2749 Ut
420 2691 675 2749 multam
729 2690 974 2768 quidem
1030 2690 1157 2751 eius
1211 2692 1431 2751 faceret
1487 2690 1872 2768 diligentiam,
1920 2689 2123 2751 omnia
2176 2702 2375 2751 autem
2423 2692 2575 2748 illius

170 2787 391 2865 propria
416 2790 641 2848 faceret
669 2798 729 2847 et
756 2788 1047 2860 toleraret,
1079 2807 1184 2866 per
1211 2807 1422 2849 omnes
1454 2808 1527 2848 eo
1557 2789 1743 2848 ducto
1771 2785 2097 2865 passioneS,
2127 2807 2234 2865 per
2259 2807 2407 2865 quas
2439 2812 2571 2844 uum

171 2884 487 2943 secundum
519 2903 687 2942 suam
718 2883 997 2943 uirtutem
1026 2885 1355 2961 perfectum
1384 2884 1525 2944 fecit
1536 2905 1554 2958 3
1591 2903 1707 2944 nec
1734 2904 1771 2943 a
1800 2883 2047 2943 mortuis
2076 2885 2403 2943 secundum
2435 2904 2575 2940 finan:
2611 2904 2675 2965 15

169 2995 397 3044 naturae
453 2986 647 3061 legem
704 2985 1008 3057 recedens,
1056 2985 1163 3045 sed
1219 3004 1325 3044 sua
1380 2983 1715 3062 praesentia
1771 2995 1829 3044 et
1879 2982 2223 3060 operatione
2279 2993 2340 3043 et
2391 2985 2575 3061 gratia

168 3075 411 3139 liberans
460 3079 707 3159 quidem
756 3100 893 3141 eum
942 3082 1019 3142 de
1068 3092 1260 3142 morte
1309 3093 1370 3142 et
1417 3082 1590 3142 malis
1632 3100 1787 3158 quae
1835 3080 1977 3141 inde
2021 3091 2176 3154 sunt,
2223 3081 2575 3140 resuscitans

168 3189 354 3238 autem
384 3199 527 3241 eum
554 3181 632 3241 de
660 3178 907 3240 mortuis
936 3189 995 3241 et
1022 3181 1101 3241 ad
1129 3178 1436 3240 meliorem
1465 3181 1649 3239 finem
1676 3180 2028 3257 perducens.

267 3379 417 3463 [Act.
456 3383 641 3445 Cone.
678 3382 797 3444 CP.
832 3380 887 3441 ii.
925 3399 1001 3441 ιν.
1038 3386 1115 3459 38
1148 3381 1212 3462 (“
1231 3381 1500 3442 eiusdem
1529 3378 1838 3441 Theodori
1867 3399 1940 3441 ex
1967 3380 2186 3441 eodem
2216 3377 2447 3457 libro'').

1219 3477 1349 3555 Vig.
1384 3475 1505 3559 48].

283 3604 525 3667 Deinde
580 3607 905 3667 ostendens
960 3606 1129 3667 cuius
1182 3606 1368 3685 gratia
1429 3626 1642 3686 passus
1698 3618 1787 3668 est
1834 3606 2317 3681 diminutionem,
2363 3605 2575 3665 infert:

167 3709 437 3776 quatenus
478 3705 625 3763 citra
663 3704 859 3763 Deum
890 3713 1002 3781 pro
1028 3706 1289 3764 omnibus
1306 3713 1569 3781 gustaret
1594 3703 1916 3775 mortem*,·
1956 3703 2099 3781 quia
2138 3703 2348 3765 diuina
2375 3717 2579 3761 natum
2611 3729 2687 3769 πυ

169 3796 245 3861 ita
292 3803 557 3877 uolente,
608 3813 876 3879 separata
924 3802 1043 3877 illa,
1094 3802 1222 3879 ipse
1266 3821 1373 3879 per
1420 3821 1486 3862 se
1533 3821 1644 3880 pro
1693 3801 1963 3862 omnium
2013 3800 2267 3860 utilitate
2321 3801 2576 3878 guffitsfflit

170 3910 429 3960 mortem.
518 3910 578 3960 et
626 3901 950 3961 ostendens
999 3900 1165 3977 quod
1212 3900 1406 3961 deitas
1451 3910 1724 3976 separata
1770 3897 2018 3974 quidem
2063 3907 2188 3958 erat
2221 3897 2297 3956 ab
2339 3895 2443 3955 illo
2479 3897 2576 3973 qui

169 4014 367 4074 passus
396 4011 486 4059 est
515 4001 847 4060 secundum
876 3998 1082 4060 mortis
1120 3997 1608 4077 experimentum,
1641 3996 1782 4074 quia
1811 4014 1924 4056 nec
1951 3994 2235 4072 possibile
2263 4005 2384 4054 erat
2423 3997 2575 4049 illurn

171 4094 367 4155 mortis
408 4096 881 4173 experimentum
921 4097 1191 4175 accipere
1212 4119 1230 4172 3
1283 4116 1407 4157 non
1439 4107 1643 4156 tamen
1680 4093 1766 4154 illi
1804 4092 1909 4171 qui
1946 4111 2154 4169 passus
2188 4102 2280 4152 est
2315 4093 2579 4150 abfuerat

170 4195 497 4255 secundum
523 4193 911 4272 diligentiam.
2615 4213 2683 4273 25

265 4357 323 4393 ro
354 4350 429 4393 at
456 4342 570 4407 (sor
588 4340 663 4406 αἱ)
698 4342 750 4390 V
971 4356 1030 4405 14
1061 4342 1339 4393 conductus
1363 4340 1480 4406 (fhr
1498 4355 1560 4389 eo
1584 4339 1757 4401 ducto)
1793 4339 1845 4388 V
2076 4350 2134 4401 17
2167 4351 2283 4388 eum
2304 4337 2507 4403 quidem
2543 4339 2591 4389 V

172 4436 232 4475 ἰο
260 4424 391 4475 circa
412 4424 543 4476 codd.
560 4444 577 4478 .·
610 4422 737 4476 citra
756 4421 881 4487 conj.
904 4423 1009 4474 edd.
1037 4423 1291 4487 (=xwpls)
1469 4437 1526 4472 αι
1565 4437 1659 4487 pro
1679 4436 1734 4472 se
1759 4418 1874 4485 (sor
1893 4434 1984 4486 per
2004 4417 2075 4483 se)
2113 4418 2166 4469 V

1218 4535 1247 4561 ⁴*
1288 4537 1428 4589 Heb.
1454 4535 1507 4587 ii.
1532 4550 1578 4602 9.
