3142 5100
137 393 362 447 FRAGMENTS
386 395 432 446 OF
454 395 532 446 THE
555 396 750 449 DOGMATIC
774 397 905 449 WORKS
929 397 976 449 OF
998 396 1214 449 THEODORE.
1254 398 1317 465 319

109 563 194 637 plena
215 563 374 639 loquentes
394 573 512 624 etcum
533 566 627 624 multa
648 562 840 625 irreuerentia
860 566 940 642 leges
961 564 1185 627 constituentes
1228 583 1318 644 quae·

97 677 233 734 vcumque
247 660 329 719 enim
347 663 514 722 secundum
534 661 648 738 aliquid
667 660 803 736 discreta,
820 664 987 722 secundum
1006 661 1119 738 aliquid
1137 675 1318 740 acceperunt

108 754 257 825 unitatem,
289 769 409 819 seruant
440 778 523 819 suam
554 779 615 835 qua
643 759 771 820 discreta
803 771 873 819 sunt
904 758 1085 819 incolumem
1113 759 1260 821 rationem
1287 773 1318 823 et

107 852 247 914 unitatem
275 853 421 933 integram
449 859 571 918 habent.
613 877 709 917 unum
735 868 780 917 est
804 857 918 934 aliquid
946 870 1060 927 natura,
1085 855 1162 917 sicut
1186 855 1262 917 filius
1286 869 1317 919 et

108 964 204 1024 pater;
231 966 337 1013 manet
357 966 457 1014 autem
479 973 672 1031 personarum
695 950 844 1025 discreti0,
867 952 999 1013 essentia
1022 950 1145 1029 quidem
1170 951 1318 1029 insepara·
1352 966 1368 1025 5

109 1047 200 1108 biliter
218 1048 366 1111 existente
386 1071 454 1122 uua,
470 1072 617 1129 personae
635 1052 785 1130 propriam
806 1053 919 1112 habent
938 1050 1157 1123 discretionem,
1172 1061 1205 1110 ut
1218 1069 1317 1127 neque

108 1158 188 1220 pater
206 1146 326 1207 dicatur
345 1148 421 1208 filius
443 1169 541 1226 neque
561 1149 638 1209 filius
662 1160 753 1226 pater.
798 1148 932 1209 similiter
957 1148 1013 1209 etsi
1038 1159 1143 1208 natura
1166 1149 1316 1225 quaedam

108 1240 219 1301 diuersa
239 1255 322 1313 sunt,
342 1247 508 1306 secundum
529 1246 612 1306 aliud
633 1266 704 1306 uero
725 1245 850 1307 adunari
871 1244 1028 1324 contigerit
1049 1266 1094 1318 ea,
1116 1265 1214 1323 neque
1234 1257 1317 1305 natu·
1397 1241 1399 1245 ’

109 1340 192 1398 ralem
214 1342 348 1417 perdunt
371 1342 549 1404 divisionem
571 1355 602 1404 et
625 1344 770 1404 unitatem
792 1344 943 1421 propriam
965 1346 1088 1417 habent,
1113 1343 1190 1404 sicut
1216 1342 1316 1404 anima

110 1435 235 1495 adunata
245 1448 292 1496 est
301 1438 427 1516 corporI,
437 1452 467 1499 et
483 1459 560 1500 unus
575 1461 611 1501 ex
625 1441 773 1501 ambobus
788 1442 910 1501 effectus
925 1453 970 1500 est
985 1442 1077 1500 horno
1086 1461 1095 1513 3
1113 1451 1216 1500 manet
1230 1452 1315 1500 natu·
1332 1462 1368 1501 10

110 1553 199 1596 rarum
220 1537 340 1610 diuisio,
362 1537 420 1597 alia
440 1537 562 1614 quidem
584 1538 686 1598 anima
705 1548 760 1609 est,
775 1538 834 1597 alia
855 1555 927 1597 uero
949 1556 1027 1610 caro,
1049 1547 1080 1596 et
1101 1536 1172 1596 illud
1193 1536 1316 1613 quidem

107 1631 261 1697 inmortale
282 1649 339 1709 est,
353 1637 427 1696 illud
450 1656 522 1697 uero
542 1637 684 1712 mortale,
708 1647 737 1697 et
758 1636 832 1696 illud
853 1636 976 1713 quidem
1001 1637 1144 1696 rationale
1167 1648 1221 1710 est,
1242 1636 1317 1695 illud

111 1742 204 1791 autem
232 1732 418 1795 inrationale.
461 1752 539 1793 unus
563 1745 663 1793 autem
688 1734 781 1793 homo
807 1743 976 1809 utrumque,
998 1734 1170 1793 alterutrum
1191 1752 1264 1794 uero
1285 1732 1316 1792 in

112 1829 202 1906 seipso
216 1831 311 1891 homo
326 1850 488 1907 numquam
503 1830 611 1891 dicitur
629 1832 766 1890 absolute
781 1840 812 1890 et
826 1829 955 1908 proprie,
971 1828 1028 1890 nisi
1042 1832 1118 1890 forte
1131 1850 1201 1889 cum
1214 1829 1317 1906 aliquo

111 1926 320 1996 additamento,
335 1928 411 1988 sicut
425 1930 548 1987 interior
564 1929 646 1987 homo
665 1940 695 1987 et
713 1930 840 1987 eximar
855 1928 970 2000 homst,
985 1948 1048 1988 non
1062 1930 1199 1990 absolute
1212 1932 1315 2005 hom0,
1333 1951 1367 2012 15

112 2025 160 2083 sed
174 2023 295 2085 interior
309 2036 339 2087 et
354 2026 479 2087 exterior
483 2048 492 2099 ,·
511 2036 544 2086 ut
558 2028 700 2103 adpareat
714 2026 795 2086 aliud
810 2025 931 2102 quidem
947 2025 1069 2086 interius
1083 2026 1221 2101 hominis,
1233 2030 1315 2089 aliud

112 2139 177 2181 uero
192 2123 330 2184 exterius.
373 2123 415 2183 ita
433 2135 463 2183 et
480 2123 511 2183 in
530 2122 655 2185 domino
675 2123 795 2185 Christo
816 2123 953 2197 dicimus,
969 2144 988 2185 ο
1003 2123 1153 2199 mirabilis,
1172 2127 1314 2203 quoniam

111 2214 244 2278 informa
259 2219 320 2280 Dei
333 2232 437 2280 extans
451 2223 547 2281 forma
561 2220 647 2295 serui,
666 2240 764 2297 neque
778 2221 941 2281 adsumens
955 2222 1038 2298 quod
1052 2223 1245 2301 adsumptum
1260 2235 1313 2297 est,

113 2336 203 2393 neque
225 2322 311 2397 quod
334 2320 528 2397 adsumptum
549 2330 595 2380 est
615 2321 795 2394 adsumens,
823 2319 922 2380 unitas
943 2330 1044 2380 autem
1065 2319 1216 2398 adsumpti
1237 2320 1315 2383 circa

114 2413 313 2476 adsumentem
327 2414 531 2493 inseparabilis
546 2426 600 2490 est,
615 2416 779 2476 secundum
794 2417 909 2475 nullum
924 2417 1047 2476 modum
1061 2415 1153 2477 incidi
1167 2418 1278 2479 ualens.
1330 2439 1368 2478 20

115 2564 137 2603 2.
176 2543 296 2627 [Juslin.
319 2557 358 2625 tp.
380 2549 447 2608 adu.
474 2547 527 2607 Th.
548 2547 593 2626 (ἔκ
607 2549 662 2606 τῶν
676 2543 747 2606 »turcl
761 2543 966 2625 Ἀπολιναρίου
980 2549 1011 2607 έν
1023 2549 1062 2627 τῷ
1075 2545 1199 2629 τετάρτω
1212 2545 1313 2631 λόγῳ).
1386 2567 1388 2570 ’

612 2646 718 2705 Leont·
733 2646 752 2703 t
768 2641 815 2725 c.].

166 2764 323 2825 Δεδωκέναι
339 2766 391 2826 σοι’
406 2791 483 2830 τινας
501 2768 556 2826 τῶν
571 2764 714 2843 ἡμετέρων
733 2764 814 2829 εἶπας
831 2767 868 2827 τό
887 2765 939 2826 οὐκ
957 2765 993 2827 ἂν
1011 2768 1130 2829 δοθέντα
1146 2768 1225 2846 παρά
1240 2795 1316 2833 τινος

113 2862 162 2920 τόν
174 2864 221 2938 τῆς
234 2867 474 2940 ε’κκλησιαστικῆς
487 2863 655 2942 ἀντέχεσθαι
668 2862 751 2938 δόξης
765 2862 985 2925 ἐσπουδακότων.
1035 2865 1246 2943 ἐπυνθανόμεθα
1259 2867 1314 2949 γὰρ

114 2960 136 3016 εἶ
158 2959 205 3017 τόν
228 2960 294 3020 θεόν
318 2961 409 3043 λόγον
432 2959 626 3044 ὁμολογοῦσιν
652 2959 800 3038 ἄνθρωπον
825 2961 1008 3043 γεγενῆσθαι·
1038 2962 1064 3022 εἴ
1088 2988 1148 3026 πως
1176 2962 1315 3046 έπῆγαγες

26 3089 27 3096 1
114 3054 267 3117 ‘dama'
315 3060 361 3118 καὶ
374 3059 416 3122 τίς
429 3056 463 3118 ἂν
478 3060 547 3138 ἔχων
560 3061 625 3118 νοῦν
639 3056 788 3135 ἄνθρωπον
801 3058 875 3118 εἴποι
887 3057 938 3118 τόν
951 3057 1015 3118 θεόν
1028 3059 1200 3141 γεγενῆσθαι
1216 3061 1313 3142 λόγον,

26 3183 27 3208 ;
113 3150 229 3230 ὦςῦμεῖς
242 3161 326 3230 φατε,
341 3159 365 3217 εἰ
377 3155 417 3233 μή
431 3154 485 3233 ἄρα
498 3157 550 3232 τὴν
563 3155 651 3232 αὐτὴν
663 3155 729 3231 ὑμῖν
742 3155 881 3232 πρότερον
893 3153 1016 3233 νοσήσει
1028 3154 1143 3232 rivorum
1162 3157 1242 3234 ἡμεῖς
1258 3160 1314 3240 γὰρ
1330 3184 1344 3223 2
1349 3185 1365 3242 5

115 3245 251 3329 εἰληφέναι
268 3258 321 3333 μὲν
337 3256 387 3315 τόν
401 3254 468 3315 θεόν
485 3254 573 3335 λόγον
591 3253 638 3314 καὶ
656 3252 771 3331 σφόδρα
789 3254 891 3331 φαμέν.
934 3254 1107 3336 γεγενῆσθαι
1120 3253 1150 3314 δὲ
1167 3252 1315 3334 ἄνθρωπον

26 3391 27 3394 =
114 3350 169 3411 καθ
180 3351 251 3429 »ipris
264 3351 315 3413 οόκ
328 3351 362 3412 ἅν
375 3377 445 3412 ποτε
459 3355 545 3412 εἰπεῖν
558 3350 758 3431 ἅνασχοίμεθα.

144 3501 169 3557 3.
211 3480 328 3564 [Juslln.
345 3485 397 3543 l.c.
415 3483 457 3563 (έν
470 3486 509 3561 τῷ
523 3478 808 3558 κατόἈττολιναριόυ
821 3480 944 3563 τετάρτῳ
958 3481 1057 3566 λόγῳ).
1102 3486 1208 3546 Leont.
1224 3488 1278 3547 Lc.

420 3585 486 3641 Act.
503 3582 597 3643 Cone.
614 3583 674 3642 CP.
691 3579 719 3639 ii,
736 3597 775 3639 ιν.
794 3582 820 3639 8.
864 3579 930 3658 Vig.
948 3579 989 3661 8].

152 3690 198 3751 “0
214 3693 270 3772 πρό
284 3693 391 3755 οἰόνων
403 3693 522 3777 γέγονεν
537 3693 580 3753 ἐπ’
596 3693 683 3774 ἐσχά-
773 3697 846 3756 Hoc
861 3697 943 3772 quod
957 3709 1028 3758 ante
1039 3697 1159 3758 saecula
1167 3709 1230 3758 erat
1241 3696 1313 3758 dicit

26 3793 28 3870 g
114 3793 186 3848 των’·
206 3791 296 3853 πάλιν
311 3792 348 3856 οἷς
365 3797 448 3854 τινῶν
461 3790 622 3853 δεδωκότων
637 3793 685 3852 καὶ
732 3792 763 3852 in
781 3794 893 3853 ultimis
910 3796 1023 3855 factum
1037 3815 1103 3856 esse
1117 3796 1311 3871 temporibus,

26 3885 27 3960 l
114 3889 191 3945 τοῦτο
210 3887 310 3969 λέγων,
335 3887 448 3951 οὐδένος
473 3891 531 3949 τῶν
552 3887 685 3966 εὐσεβεῖν
732 3901 839 3965 utpote
863 3889 1042 3965 quibusdam
1067 3891 1126 3950 hoc
1147 3891 1313 3952 confitenti·
1327 3912 1366 3968 30

113 3982 321 4045 ὶοτονδοκότων
347 3983 451 4061 ταύτην
474 3983 616 4061 ἑλομένων
639 4010 684 4044 νο·
733 3988 790 4046 bus
799 4009 808 4061 ;
829 4006 897 4045 cum
917 4005 1008 4046 nemo
1026 4006 1064 4046 ex
1083 3985 1129 4047 his
1150 3985 1202 4063 qui
1221 3987 1312 4065 pieta-

115 4081 198 4154 σῆοοι
214 4082 277 4160 ,τὴν
307 4081 414 4156 ἄνοιαν,
445 4083 521 4144 ὥστε
550 4083 601 4144 τόν
628 4084 685 4162 arpo*
733 4084 771 4142 tis
802 4104 903 4143 curam
935 4085 1048 4144 habent
1078 4082 1168 4143 istum
1202 4084 1313 4163 patitur

115 4175 214 4240 αἰόνων
241 4183 329 4241 εἰπεῖν
352 4180 396 4241 ἐπ’
416 4181 548 4261 ἐσχάτων
571 4186 685 4265 γεγενΐγ
733 4184 872 4243 morbum
892 4182 1002 4242 habere
1023 4182 1201 4256 dementiae,
1216 4196 1249 4244 ut
1270 4184 1312 4244 di-

115 4276 184 4337 σθοι
732 4291 781 4339 cat
806 4298 873 4339 eum
902 4278 954 4354 qui
982 4291 1052 4340 ante
1076 4282 1195 4341 saecula
1214 4293 1259 4343 est
1280 4283 1310 4343 in

732 4376 843 4438 ultimis
862 4379 974 4438 sactum
994 4399 1065 4440 esse

401 4516 428 4560 ²4
447 4502 563 4549 ἐδιδωσαν
577 4501 635 4548 Μαί
753 4516 783 4563 27
802 4502 960 4562 ἀνασχόμεθα
971 4503 1031 4552 Μαί

601 4583 613 4606 ’
634 4599 646 4632 ι
660 4584 718 4632 Cor.
731 4582 763 4632 iv.
782 4581 819 4633 τό.
