3142 5100
290 378 354 444 230
624 374 852 428 rnsooonus
876 374 1170 429 norsunsrnuus
1292 361 1474 446 [Iv.16,17.

289 552 341 607 ter
362 545 453 627 quod
471 545 585 630 posuit
606 546 709 611 etiam
730 545 821 611 illam
837 567 983 631 poenam
1004 569 1092 633 quae
1113 568 1192 613 eum
1212 548 1371 614 manebat
1384 570 1403 614 a
1416 547 1478 613 Deo

289 667 350 732 pro
380 650 501 732 quibus
530 650 611 715 talia
640 652 792 717 faciebat.
838 673 905 717 non
935 652 1158 719 maledicebat
1182 654 1222 729 ei,
1246 654 1334 717 sicut
1360 654 1477 736 quidam

288 755 573 834 existimauerunt,
589 756 649 820 sed
672 764 710 821 ut
731 755 919 822 hortaretur
933 757 1150 822 Timotheum
1174 758 1284 822 multa
1305 757 1349 821 ab
1369 777 1406 821 eo
1421 777 1478 820 sus

288 855 452 920 tinentem
469 858 559 921 mala
573 859 740 941 patienter
754 860 924 924 sustinere.
968 860 1032 924 hac
1048 882 1128 944 ergo
1142 861 1186 924 de
1200 881 1305 925 causa
1318 860 1479 923 necessarie
1526 893 1533 902 -

257 966 494 1036 smemoratus
523 970 575 1025 est
605 963 722 1039 uirum,
746 963 953 1047 praecipiens
983 964 1199 1029 Timotheum
1229 974 1270 1029 ut
1296 985 1356 1048 pro
1378 964 1478 1027 uirium

287 1080 422 1124 suarum
438 1063 660 1145 possibilitate
675 1064 842 1129 declinare
863 1067 933 1129 eius
947 1065 1076 1130 insidiis
1094 1066 1303 1149 deproperet.
1340 1086 1402 1129 non
1415 1086 1479 1128 con·

288 1166 380 1230 uenit
396 1187 475 1232 uero
496 1169 606 1233 mirari
627 1171 654 1233 si
670 1170 714 1234 ab
736 1171 865 1235 aerario
886 1179 981 1235 tanta
1002 1179 1083 1234 tunc
1104 1170 1230 1236 fiebant
1246 1170 1481 1253 indisciplinate
1535 1242 1536 1245 Ἴ

288 1269 366 1351 quia
380 1278 415 1334 et
430 1271 584 1356 uulgares
602 1273 754 1338 homines
777 1275 994 1359 insurgebant
1014 1275 1172 1339 aduersus
1187 1296 1247 1338 eos
1265 1275 1324 1358 qui
1340 1276 1480 1356 pietatem
1535 1352 1536 1355 Ἴ

288 1373 546 1455 praedicabant3
584 1379 704 1462 uulgus
733 1389 847 1446 autem
875 1380 930 1445 uel
960 1380 1110 1446 maxime
1139 1400 1259 1445 onmes
1288 1396 1482 1444 commouere

239 1490 278 1540 10
289 1476 467 1543 uidebatur
480 1479 669 1545 seditiones

354 1628 390 1693 in
405 1629 553 1712 primam
574 1652 679 1696 meam
697 1630 911 1714 defensionem
937 1653 1028 1696 nemo
1052 1630 1138 1697 mihi
1157 1631 1302 1711 adstetit,
1319 1632 1378 1698 sed
1393 1652 1483 1697 annes

288 1754 340 1798 me
352 1734 573 1816 reliqueram,-
600 1757 663 1799 nan
678 1730 746 1801 illei
762 1737 945 1821 imputetur.

355 1863 390 1926 in
404 1864 520 1947 prima
541 1865 722 1953 defensabne
735 1867 818 1932 dicit
833 1867 970 1951 quando
985 1867 1137 1951 inprimis
1153 1865 1286 1932 Romae
1303 1875 1356 1931 est
1370 1865 1485 1929 uinctus

287 1985 333 2031 ex
358 1966 493 2048 Iudaea,
509 1971 645 2052 quando
663 1981 697 2036 et
721 1973 947 2056 adpellatione
968 1972 1075 2036 fuerat
1096 1973 1231 2037 abusus.
1275 1971 1366 2035 bene
1387 1979 1484 2034 autem

238 2081 273 2148 15
288 2083 441 2152 precatus
463 2076 567 2139 estin
591 2077 659 2141 illis
678 2099 741 2141 nan
762 2078 940 2161 imputetur
959 2085 1134 2160 peccatum
1157 2073 1230 2152 hoc,
1251 2095 1294 2139 eo
1317 2072 1406 2157 quod
1424 2089 1486 2155 per·

288 2179 401 2258 spexit
423 2177 507 2242 alios
529 2179 573 2242 ob
596 2179 833 2255 infirmitatem,
856 2180 940 2245 alios
962 2178 1007 2243 ob
1024 2179 1254 2242 imminentem
1275 2178 1342 2241 sibi
1361 2175 1486 2241 necersi·

287 2289 393 2345 tatem
409 2279 519 2345 locum
536 2282 677 2347 dedisse.

352 2406 517 2471 Dominus
541 2418 650 2472 annm
678 2407 813 2472 adstetit
840 2405 926 2472 ιιιὶίιί
952 2416 985 2472 et
1007 2406 1207 2489 confortauit
1227 2427 1285 2482 nn,
1311 2416 1353 2469 nt
1368 2416 1428 2488 per
1446 2422 1488 2467 me

280 2511 483 2594 praedamna
505 2511 697 2598 impleretur,
712 2523 744 2578 et
759 2511 905 2578 audeant
921 2533 1028 2578 amnes
1043 2521 1162 2595 gentes.
1206 2520 1238 2576 et
1255 2509 1414 2577 liberatam
1424 2527 1488 2573 san

233 2632 277 2680 20
287 2637 327 2681 ex
338 2637 391 2681 are
404 2617 511 2681 ίοονιίς.

352 2743 417 2809 hoc
433 2744 602 2808 ‘leonem'
618 2745 652 2808 in
675 2743 750 2809 loco
772 2743 942 2808 Neronem
966 2762 1078 2826 regem
1099 2759 1160 2824 per
1182 2739 1377 2827 aenigmata
1392 2739 1488 2802 edicit.

334 2896 344 2930 1
363 2881 538 2933 commanebat
546 2879 577 2930 H
612 2880 636 2930 ei
647 2880 764 2930 manebat
775 2896 792 2929 ν
913 2892 927 2941 5
945 2877 1082 2928 Timotheo
1092 2894 1109 2926 ν
1222 2874 1239 2925 6
1255 2876 1362 2925 insidias
1375 2871 1491 2934 Ποινὴν

288 2976 304 3027 9
319 2972 453 3013 antemon
465 2964 499 3013 H
584 2976 610 3012 11
630 2962 657 3011 in
667 2963 749 3026 prima
760 2977 817 3011 mea
827 2961 972 3012 defensione
986 2959 1092 3023 Clean)
1104 2976 1121 3009 r
1205 2974 1233 3008 ις
1251 2957 1437 3020 dereliquerunt
1446 2953 1476 3003 ΙΙ
1479 2968 1493 2999 ν

291 3058 320 3107 13
335 3044 425 3094 ductus
437 3044 546 3093 Romam
563 3042 621 3107 (sar
631 3041 765 3106 Romael'r
832 3058 862 3107 14
877 3042 1073 3108 appellationem
1084 3042 1176 3092 lecerat
1188 3040 1247 3105 (fin
1256 3040 1316 3104 adp.
1328 3039 1410 3089 fuerat
1420 3040 1493 3098 abir

290 3139 319 3189 15
337 3134 364 3175 ut
377 3124 641 3189 (sorinlrlputetur
655 3121 851 3190 (Jbrimp.)H'
956 3136 984 3187 17
1003 3125 1201 3176 lococessisser
1298 3123 1493 3176 arleonembot

288 3223 304 3256 r
316 3206 320 3270 Ι
335 3207 451 3271 aenigma
462 3215 536 3257 uocat
547 3222 564 3255 r

287 3336 342 3385 nrt
353 3335 519 3398 κατιῃορῆσαι
530 3337 610 3396 αὐτοῦ,
625 3333 691 3385 ἀλλὰ
698 3335 741 3385 τὸν
753 3337 866 3397 μαθητὴν
916 3353 941 3403 p.
958 3351 1015 3401 205,
1028 3338 1045 3387 l.
1061 3354 1089 3388 ις
1101 3353 1149 3403 sq..
1161 3344 1243 3389 notes.

286 3418 386 3483 ἀλεῖψαι
397 3418 455 3483 πρὸς
466 3421 520 3470 τοὺς
531 3417 633 3481 ἀγῶνας.
952 3432 990 3482 15.
1012 3434 1038 3469 eo
1047 3420 1114 3483 quod
1117 3419 1251 3483 perspexit,
1261 3417 1319 3479 Sto]
1341 3417 1385 3468 Cf.
1398 3417 1492 3480 Chrys:

321 3517 344 3551 ς.
378 3518 429 3552 non
446 3501 612 3563 maledicebat]
629 3500 677 3552 See
692 3501 736 3551 the
751 3500 866 3565 patristic
916 3499 973 3564 ίρᾶς
983 3502 1035 3550 πῶς
1046 3501 1157 3561 φείδεται
1171 3502 1220 3548 τῶν
1235 3502 1344 3560 atesim
1362 3500 1455 3549 'lhdtz
1469 3499 1493 3547 σί

287 3584 405 3650 opinions
416 3584 538 3637 collected
551 3585 585 3648 by
596 3584 682 3635 Tisch.
693 3585 731 3633 ad
737 3584 763 3632 ί.
775 3585 793 3633 l.
917 3581 966 3645 γὰρ
977 3582 1118 3642 κακοηθείας
1131 3579 1169 3641 ἧν,
1182 3579 1248 3631 ἀλλὰ
1263 3583 1352 3631 δειλίας
1369 3583 1386 3640 ἡ
1403 3580 1492 3641 inex&

320 3665 344 3717 6.
390 3682 441 3715 non
462 3667 581 3715 conuenit
603 3682 662 3714 uero
684 3664 784 3725 mirari,
809 3664 868 3726 dc]
916 3681 994 3727 ρησις.
1028 3664 1154 3714 Ambrstr.
1165 3664 1244 3714 adds:
1264 3663 1349 3728 “quia
1365 3672 1392 3713 et
1410 3662 1492 3712 Domi·

287 3745 383 3796 Thdt.=
400 3743 539 3801 θαυμαστὸν
556 3746 583 3793 rt
599 3741 794 3806 οὖδὲντὸιῑνδρα
804 3747 867 3806 χαλ·
918 3762 979 3795 num
1000 3761 1017 3795 a
1041 3745 1143 3795 Iudaeis
1169 3744 1353 3810 adprehensum
1382 3744 1493 3809 discipuli

286 3829 332 3878 νέα
349 3825 462 3891 θορύβους
478 3825 544 3888 αὐτῷ
562 3828 602 3880 rat
621 3824 740 3876 κινδύνους
759 3822 865 3884 κινῆσαι·
916 3826 1096 3894 reliquerunt.”

287 3911 336 3958 τῶν
357 3908 405 3971 γὰρ
426 3904 638 3970 ἀποχειροβιώτων
659 3909 717 3957 tiron
739 3908 865 3970 διεγείρειν
950 3924 990 3976 19.
1020 3907 1176 3972 impleretur]
1208 3907 1294 3972 Vulg„
1311 3903 1494 3973 “implentur-'⁹

286 3990 342 4040 τούς
359 3988 573 4053 irtacus—adding
591 4003 625 4037 an
644 3990 756 4037 instance
773 3988 804 4037 ot
816 3988 866 4037 this
949 4005 989 4042 ar.
1017 3989 1275 4050 leonem...le
1307 3989 1348 4039 Cf.
1362 4000 1384 4037 1.
1399 4006 1426 4054 p.
1439 3986 1491 4046 ιώ,

286 4069 351 4119 from
363 4069 426 4118 Acts
437 4068 488 4118 xix.
501 4084 541 4131 ²4·
916 4070 934 4123 l.
951 4092 975 4138 4,
995 4080 1063 4123 note.
1097 4072 1189 4135 Chrys.
1205 4072 1241 4120 ad
1253 4071 1317 4121 aL:
1340 4072 1433 4120 λέοντα
1449 4069 1495 4132 γὰρ

322 4166 358 4201 11.
389 4151 495 4210 adstetit,
517 4149 684 4214 reliquerunt]
718 4149 792 4200 O·L.
814 4149 865 4199 and
916 4150 959 4202 τόν
988 4149 1086 4216 Νέρωνά
1110 4160 1185 4211 φησιν
1208 4149 1248 4200 διὰ
1268 4148 1298 4199 ια’
1320 4152 1437 4211 θηριῶδες
1457 4150 1496 4197 καί

286 4231 374 4295 Vulg„
389 4231 407 4257 ‘⁴
415 4229 522 4289 adfuit,”
534 4228 771 4295 “dereliquerunt''
915 4227 1017 4295 ίοχυρόν
1038 4228 1081 4291 τῆς
1101 4230 1228 4294 βασιλείας
1249 4227 1321 4278 αὐτοῦ
1343 4229 1387 4277 καί
1411 4225 1494 4275 ἀκατά-

322 4329 359 4376 ¹3·
387 4313 446 4362 daret
464 4314 564 4376 quanda
582 4315 709 4378 inprimis,
724 4315 783 4377 dan]
817 4314 865 4365 See
917 4315 1034 4372 πληκτον.
1067 4312 1159 4361 Τίιάί.ς
1175 4311 1207 4360 N.
1226 4311 1314 4359 λέοντα
1330 4302 1494 4371 ιςροσιηίρει-

287 4393 330 4440 the
343 4393 476 4454 prologues
493 4400 520 4440 to
536 4392 608 4442 Th·'s
624 4410 713 4445 comm.
734 4411 768 4443 on
786 4396 862 4460 Eph..
915 4412 966 4456 aen,
981 4396 1020 4443 καί
1032 4394 1063 4444 ὡς
1075 4394 1189 4458 βασιλέα,
1207 4393 1247 4440 καί
1263 4391 1294 4441 ὣς
1310 4387 1440 4448 ὠμότατον
1455 4404 1494 4449 γε·

288 4470 362 4527 Phth,
376 4470 426 4517 and
437 4469 481 4519 the
492 4480 592 4535 present
605 4474 720 4537 Epistle3
736 4476 786 4527 and
798 4476 831 4526 ct'.
844 4487 863 4523 1.
914 4472 1056 4537 γενῆμενον.
1107 4474 1231 4524 Ambrstr.
1256 4472 1427 4522 understands
1454 4469 1495 4519 tlte
