3142 5100
108 278 196 365 ll.6.]
355 293 396 345 nr
420 292 472 344 aa.
496 293 547 343 nn
570 288 942 344 runssatoumausas
966 290 1003 341 11.
1253 290 1290 358 53

105 459 272 542 apostolum
301 471 334 525 et
357 481 442 524 nunc
468 461 557 543 quod
578 460 698 523 detinet
705 483 717 537 ,·
754 462 910 543 eoquod
942 466 1041 525 ‘tunc
1071 460 1206 545 (inquit)
1238 461 1292 527 ille

104 560 256 639 uidebitur,
271 561 364 626 atubi
381 562 524 645 Spiritus
542 565 670 645 gratiae
685 564 728 626 ad
745 563 881 646 plenum
898 563 1071 641 destiterit,
1086 574 1121 629 et
1135 565 1292 648 perficere

103 662 325 747 inoperationes
350 668 384 730 in
406 676 522 750 aperto
548 663 710 729 cessabit?
755 666 815 730 sed
842 663 934 747 †hoc
960 667 1041 730 mihi
1066 688 1133 732 non
1160 669 1293 732 uidetur

102 784 162 828 esse
174 777 247 850 apte
261 770 398 846 dictum,
415 790 455 831 eo
470 768 561 851 quod
577 778 610 832 et
625 778 840 833 cessauerunt
855 790 900 855 ex
922 769 1028 833 multo
1050 770 1117 833 iam
1139 781 1292 853 tempore

102 870 326 954 inoperationes
343 874 494 957 Spiritus.
539 875 567 936 si
583 892 662 936 uero
677 875 752 956 quis
769 874 912 938 uoluerit
927 875 1036 938 dicere
1053 896 1119 939 non
1136 896 1291 954 cessasse,
1329 894 1344 960 5

103 980 230 1061 eoquod
249 988 284 1042 et
302 980 345 1041 ab
365 977 531 1060 aliquibus
549 976 660 1040 adhuc
680 996 740 1059 per
760 977 946 1040 orationem
968 977 1051 1042 fiant
1071 978 1191 1060 aliqua,
1213 980 1291 1044 licet

101 1079 124 1140 si
137 1090 167 1143 et
179 1101 267 1159 rare;
289 1079 472 1143 secundum
493 1079 594 1161 igitur
616 1078 704 1141 hunc
720 1076 860 1141 modum
882 1099 991 1161 neque
1013 1099 1142 1142 cessare
1162 1080 1290 1158 adsero,

101 1185 240 1267 eoquod
266 1204 376 1268 neque
402 1182 544 1246 deficere
568 1183 610 1246 ad
638 1181 777 1265 plenum
804 1182 912 1246 sancti
939 1200 1100 1265 umquam
1125 1192 1291 1265 poterunt.

100 1299 181 1353 erunt
205 1290 293 1353 enim
317 1298 351 1353 et
372 1296 453 1352 tunc
476 1288 533 1371 qui
559 1307 627 1350 non
652 1285 836 1369 suscipient
858 1286 929 1350 eius
951 1286 1149 1373 doctrinam,
1175 1289 1231 1371 qui
1257 1300 1291 1354 et

100 1390 166 1456 clari
189 1403 284 1458 erunt
312 1389 598 1473 contemplatione
624 1389 759 1472 pietatis
781 1390 993 1455 decertantes
1017 1391 1178 1457 aduersus
1204 1416 1290 1462 eum.
1308 1419 1347 1467 10

152 1570 186 1637 ori
213 1570 352 1639 πιθανὸν
380 1571 491 1655 ἔμοιγε
520 1569 673 1658 φαίνεται
702 1572 809 1649 τοῦτο,
840 1569 912 1636 ἐπεὶ
942 1568 998 1636 καὶ
1031 1570 1218 1638 ἐπαύσαντο
1255 1572 1292 1638 εἰι

99 1672 235 1747 πλείονος
250 1674 313 1756 ἤδη
332 1678 392 1740 τοῦ
405 1675 527 1765 χρόνον
550 1672 601 1759 [αἱ
620 1673 678 1741 τοῦ
692 1671 877 1756 πνεύματος
897 1673 1075 1760 ἐνεργεῖαι]
1121 1675 1150 1742 εἰ
1164 1674 1227 1763 ’γάρ
1242 1702 1292 1747 τις

96 1774 134 1858 μὴ
149 1777 340 1845 πεπαῦσθαι
348 1777 509 1858 βούλοιτο
519 1776 630 1864 λέγειν
641 1776 695 1843 διὰ
705 1776 743 1842 τὸ
753 1776 845 1863 παρά
859 1803 958 1842 τινων
974 1776 1085 1863 [κατὰ]
1099 1776 1292 1867 προσευχὴν

95 1879 231 1964 γίνεσθαι
245 1882 335 1950 κατὰ
352 1882 391 1949 τὸ
411 1883 555 1950 σπάνιον
576 1881 655 1961 ἔνια,
677 1880 750 1948 οὐδὲ
772 1880 983 1962 πανθήσεται
1003 1880 1091 1947 rard
1111 1910 1150 1966 ’γε
1174 1888 1292 1951 τοῦτον

97 1983 145 2049 τὸν
163 1985 293 2073 τρόπον,
322 1986 395 2053 ἐπεὶ
422 1984 505 2070 μηδὲ
536 1983 722 2051 ἐπιλείπειν
750 1983 861 2064 πάντη
891 1980 965 2053 τοὺς
994 1982 1106 2064 ἁγίους
1142 1983 1211 2052 oliv
1246 2011 1292 2066 re,
1309 2012 1321 2060 1
1328 2009 1345 2078 ς

95 2087 242 2171 ἐσομένων
265 2089 322 2157 καὶ
346 2088 420 2158 τότε
443 2095 508 2157 τῶν
531 2087 569 2155 οὐ
592 2084 816 2175 προσιεμένων
836 2085 895 2168 τὴν
919 2086 1040 2154 ἐκείνου
1064 2086 1292 2170 διδασκαλίαν,

95 2190 125 2258 ol
151 2194 203 2263 καὶ
227 2194 482 2284 διαλάμψοοσιν
505 2195 540 2261 ἐν
565 2197 634 2264 τοῖς
657 2192 740 2283 ὑπὲρ
765 2192 937 2275 εὐσεβείας
960 2193 1097 2278 ἀγῶσιν.
1140 2195 1231 2280 λέγει
1256 2196 1292 2264 δὲ

136 2368 246 2418 aadubi
261 2366 297 2418 C'
330 2366 375 2416 ubi
388 2363 493 2430 (ἵμασε)
614 2384 630 2427 4
653 2371 678 2414 et
690 2379 728 2412 om
743 2360 849 2428 enarr)
971 2364 1023 2428 5si
1035 2365 1090 2429 quis
1102 2381 1162 2415 uero
1173 2366 1298 2417 uoluitH

94 2462 107 2510 7
122 2449 160 2501 liet
171 2453 226 2516 (for
235 2452 259 2502 si
268 2450 303 2515 et)
319 2452 341 2501 C
354 2450 358 2517 Ι
371 2467 427 2500 raro
441 2447 546 2520 Clcorr)¹
560 2447 566 2515 1
579 2465 628 2500 sec.
639 2450 707 2499 hunc
718 2448 793 2513 igitur
806 2447 829 2497 C
936 2449 952 2498 8
969 2448 1095 2512 potuerint
1107 2446 1150 2498 H'
1184 2450 1294 2514 poterint

93 2532 119 2580 H
133 2528 202 2597 (corr)
329 2537 432 2598 9erant
451 2529 487 2582 C*
605 2544 635 2580 ro
651 2529 801 2580 decertantis
820 2527 856 2579 C'
974 2544 1000 2579 11
1021 2529 1099 2580 Coisl.
1115 2546 1172 2593 204,
1188 2530 1205 2580 s.
1225 2533 1294 2581 ι8ιο

93 2612 140 2673 [Cr.
157 2614 189 2662 vi.
207 2616 289 2679 388—9,
309 2615 353 2664 Fr.
375 2611 613 2677 147-81σενημιανδι
630 2611 698 2662 tart
714 2614 820 2673 κατέχον
840 2611 915 2672 φησὶν
933 2613 977 2670 τὴν
999 2610 1044 2660 τοῦ
1065 2612 1135 2672 ἁγίου
1158 2615 1294 2671 πνεύματος

93 2695 165 2756 χάριν.
205 2694 319 2759 tetrum
342 2696 369 2744 δὲ
392 2694 476 2755 ὁμοίως
497 2694 532 2755 τῷ
550 2694 661 2755 μακαρίῳ
682 2690 768 2753 ίωάννῃ
788 2694 880 2750 ταύτην
903 2693 931 2738 οὐ
952 2692 1078 2752 προσίεται
1100 2693 1145 2751 τὴν
1168 2694 1293 2755 ἐξήγησιν,

95 2775 192 2835 φάσκων·
205 2777 233 2829 ori
244 2773 356 2834 πιθανὸν,
369 2780 441 2827 κ.τ.λ.
514 2791 542 2827 12
560 2779 585 2825 ol
596 2794 618 2824 r.
631 2793 670 2824 τν.
683 2777 707 2823 ἐν
718 2790 768 2823 om.
782 2773 839 2823 cod.
854 2773 911 2822 edd.
981 2788 1009 2836 13
1027 2774 1091 2823 κατὰ
1101 2790 1151 2825 om.
1165 2775 1220 2824 cod.
1234 2776 1292 2825 edd.

94 2923 132 2975 the
148 2926 217 2976 mind
234 2926 264 2976 ol
280 2925 361 2976 either
371 2926 449 2975 Thdt.
463 2925 552 2975 orTh.
587 2925 663 2973 Later
714 2923 805 2981 ταύτην
827 2920 884 2983 [τὴν
915 2923 1097 2986 reputamur]
1122 2920 1135 2973 ὁ
1162 2924 1294 2987 Μαρουθᾶι

94 3017 287 3070 commentators,
307 3008 371 3058 both
386 3007 436 3057 Gk.
453 3008 504 3056 and
524 3007 608 3064 Latin,
626 3022 663 3056 re·
714 3005 816 3065 εὐχαῖς
827 3000 997 3067 ἐθεράπευσεν·
1016 3007 1101 3071 infra:
1118 3008 1218 3066 δαίμονα
1230 3006 1293 3069 dnl-

93 3090 175 3139 turned
191 3099 219 3140 to
236 3089 279 3139 the
295 3089 396 3139 ancient
407 3087 597 3152 interpretation
608 3102 663 3151 pre-
713 3089 798 3135 λασαν
822 3088 942 3146 νηστείαις
965 3088 1006 3136 rul
1030 3088 1178 3149 προσευχαῖς
1199 3088 1292 3150 σχολά·

93 3166 166 3218 lerred
177 3169 212 3233 by
224 3165 398 3233 chrysostom.
714 3184 813 3217 σαντες.
847 3167 938 3233 Comp.
959 3169 1002 3222 the
1026 3177 1218 3233 contemporary
1245 3177 1292 3220 tes·

124 3263 144 3297 1.
175 3255 199 3297 α
204 3264 275 3297 nunc
282 3247 349 3312 quod
354 3245 390 3307 al]
408 3244 464 3294 The
472 3243 554 3294 words
562 3250 585 3293 ct
596 3259 664 3292 nunc
715 3249 847 3312 timonyos
856 3249 883 3299 S.
897 3251 1037 3314 Augustine
1048 3251 1160 3313 (decinit.
1172 3253 1224 3301 Dei
1233 3253 1292 3302 xxii.

92 3327 146 3379 bere
159 3330 209 3378 and
225 3344 295 3378 nunc
310 3326 347 3391 (Ρ.
360 3339 400 3389 54,
412 3325 438 3374 ll·
454 3339 476 3382 1»
488 3324 512 3388 4)
528 3338 622 3388 appear
636 3332 663 3372 t0
699 3333 752 3393 ·8):
773 3332 876 3381 “etiam
893 3347 959 3381 nunc
978 3333 1040 3381 fiunt
1057 3332 1177 3382 miracula
1195 3334 1221 3382 in
1239 3335 1293 3383 eius

93 3409 150 3462 bave
160 3412 225 3461 been
238 3409 349 3461 inserted
363 3408 451 3472 hythe
466 3407 598 3457 translator
603 3423 612 3467 3
629 3407 659 3456 cf·
714 3412 758 3473 [sc.
774 3411 879 3473 Christi]
891 3413 1001 3469 nomine,
1013 3412 1066 3462 siue
1080 3429 1126 3477 per
1137 3422 1293 3464 sacramenta

93 3496 201 3554 neck,
214 3512 241 3561 p.
254 3511 295 3560 54,
307 3495 336 3543 11.
351 3507 390 3555 15,
406 3495 443 3542 18.
713 3494 774 3552 εἰμι,
789 3493 841 3543 siue
859 3509 914 3557 per
931 3492 1117 3542 orationes.''

120 3600 144 3641 4.
175 3594 233 3628 cess.
254 3593 284 3627 αι
307 3575 385 3624 multo
405 3576 457 3623 iam
473 3581 583 3638 tempore,
606 3571 662 3633 dcc]
747 3572 1164 3638 Rabanuslseevv.ll.)omitsthis
1176 3592 1289 3642 passage,

92 3659 192 3725 Chrys-2
220 3661 261 3710 καὶ
287 3659 338 3720 γὰρ
360 3657 438 3705 πάλαι
464 3654 606 3705 ἐκλέλοιπεν
630 3657 663 3704 τὸ.
715 3657 838 3722 probably
851 3656 889 3705 sor
905 3657 948 3706 the
964 3673 1052 3706 reason
1071 3658 1174 3721 pointed
1193 3666 1236 3707 out
1259 3659 1293 3723 by

92 3744 231 3803 χαρίσματα
243 3739 294 3804 (see
305 3741 353 3789 last
364 3739 440 3799 note).
461 3738 513 3787 For
525 3738 567 3788 the
578 3738 665 3787 earlier
715 3740 754 3788 Dr
766 3738 869 3803 Jacobi:
889 3739 977 3803 “quae
995 3739 1071 3787 uerba
1085 3740 1124 3798 R„
1139 3741 1208 3789 cuius
1225 3749 1293 3790 aetas

91 3825 205 3874 evidence
231 3840 265 3874 on
287 3824 337 3872 this
357 3822 453 3886 subject
475 3820 507 3869 ci.
523 3820 605 3884 Justin
626 3821 663 3868 M.
715 3829 740 3871 et
758 3819 905 3870 credulitate
924 3830 948 3870 et
967 3821 1030 3870 fictis
1052 3822 1177 3872 miraculis
1199 3824 1293 3883 horret,

91 3905 150 3968 apol.
176 3905 202 3954 ii.
229 3904 252 3965 6,
285 3904 377 3968 Tryph.
403 3917 450 3966 393
484 3902 548 3951 Iren.
579 3901 605 3949 ii.
632 3912 661 3964 31
714 3902 823 3967 recipere
835 3918 908 3951 ausus
920 3919 969 3952 non
980 3911 1025 3952 est.
1034 3901 1048 3924 '¹

92 3987 144 4046 la,
162 4002 191 4050 3²
216 3987 279 4049 §45
303 3985 373 4033 Tert.
393 3985 455 4047 apol.
477 3996 522 4046 373
549 3981 620 4045 orig.
643 3998 663 4030 c.
747 3984 772 4034 6.
805 3985 900 4046 licetse]
934 3984 1040 4049 Cl.1.p.
1055 3986 1140 4040 aoml.
1156 3989 1192 4047 18,
1207 3997 1274 4036 note.

94 4069 179 4119 Gelai.
195 4087 219 4129 a,
234 4068 281 4129 463
298 4069 359 4118 Eus.
373 4067 449 4115 H.E.
463 4065 533 4132 vio
563 4066 665 4129 Among
751 4083 789 4117 ιο.
822 4069 1021 4131 comentplatione
1045 4070 1153 4133 perlatis]
1194 4072 1233 4120 To
1261 4072 1293 4121 be

92 4153 132 4202 lire
157 4153 206 4202 lew
230 4152 344 4202 miracles
369 4150 483 4212 wrought
510 4149 599 4198 within
624 4149 664 4199 his
716 4149 854 4197 connected
871 4149 931 4197 with
951 4149 1101 4208 decertantes,
1127 4167 1154 4199 as
1175 4150 1218 4203 the
1239 4152 1290 4202 Gk.

92 4251 146 4284 own
166 4250 279 4299 mernory
296 4241 345 4297 per
362 4233 505 4291 ονααοιιιια,
530 4231 666 4280 Theodora
715 4230 796 4281 shews
804 4232 909 4280 -“who
920 4232 973 4281 also
982 4233 1204 4298 shalldistinguish
1213 4234 1293 4284 thena-

93 4330 145 4377 may
168 4315 235 4364 hare
262 4312 379 4362 included
402 4312 473 4361 those
499 4310 611 4359 ascribed
639 4317 666 4359 to
715 4312 795 4362 selves
807 4313 832 4361 in
842 4312 884 4362 the
896 4314 1004 4379 struggle
1013 4315 1051 4365 sor
1060 4315 1102 4366 the
1111 4315 1186 4366 Faitli
1195 4318 1293 4381 against

94 4397 118 4448 S.
131 4397 262 4448 Marutbas
278 4395 308 4445 of
324 4393 426 4460 Tagrit5
443 4393 474 4443 cl.
494 4392 564 4443 Socr.
582 4392 622 4443 vii.
636 4394 664 4442 8:
716 4393 758 4443 the
771 4393 936 4445 Antichrist.’‘
