3142 5100
262 372 302 450 38
597 383 826 437 runononus
849 382 1141 436 uorsunsranus
1268 367 1320 452 [ν.
1340 380 1481 449 17-21.

263 555 376 618 animo
401 564 518 633 estote,
549 555 733 621 futurorum
770 555 1007 640 expectatione
1044 553 1309 637 animaequiores
1346 550 1483 617 effecti!

264 667 389 741 etpost
405 658 468 723 hoc
484 661 666 743 praecipit:

329 809 399 873 sine
418 810 655 875 intermissione
674 823 770 891 orate,
786 813 823 877 in
844 814 993 879 omnibus
1006 811 1141 897 gratias
1161 813 1274 897 agite,·
1296 812 1374 877 haec
1388 811 1483 876 enim

265 925 313 979 est
326 915 477 980 uoluntas
490 915 557 981 Dei
571 917 606 981 in
624 916 752 983 Christo
766 917 842 981 Iesu
858 918 895 983 in
908 918 1006 982 uobis.

235 1052 250 1119 5
331 1044 494 1128 praecipit
516 1066 610 1109 orare
634 1045 848 1120 incessanter,
870 1045 996 1127 gratias
1017 1052 1130 1108 autern
1158 1061 1293 1125 semper
1314 1061 1416 1125 agere
1445 1042 1483 1104 in

267 1149 489 1225 orationibus;
504 1169 545 1212 eo
560 1148 651 1232 quod
671 1150 735 1213 ista
751 1150 845 1212 Deus
865 1148 955 1225 uelit,
972 1158 1006 1212 et
1025 1148 1089 1211 ista
1108 1169 1128 1211 a
1145 1147 1240 1211 nobis
1257 1146 1310 1211 uel
1326 1147 1484 1212 maxime

267 1249 466 1333 depostulet,
483 1261 521 1315 ut
542 1252 629 1334 grati
647 1250 694 1314 illi
715 1250 827 1327 simus,
847 1258 882 1314 et
901 1259 938 1312 ut
955 1249 1080 1332 gratias
1106 1247 1154 1311 illi
1180 1247 1312 1311 debitas
1336 1267 1484 1332 agamus

268 1371 329 1434 pro
345 1351 409 1417 illis
423 1352 529 1429 bonis,
545 1373 632 1435 quae
647 1352 743 1416 nobis
759 1353 891 1435 abipso
907 1361 985 1415 sunt
996 1352 1128 1414 donata

335 1499 501 1583 Spiritum
523 1502 621 1566 nolite
638 1503 843 1585 exstinguere,
858 1500 1044 1586 prophetias
1063 1500 1161 1564 mlite
1179 1509 1325 1584 spernere
1332 1520 1347 1573 ,·
1368 1497 1485 1562 munch
1506 1560 1511 1569 ,

218 1619 258 1665 10
268 1613 376 1668 autem
382 1607 524 1689 probate,
540 1606 626 1690 quod
637 1606 753 1670 benum
768 1616 934 1670 esttenete.

335 1734 450 1800 multis
478 1737 700 1801 existentibus
731 1737 788 1820 qui
818 1743 899 1800 tunc
928 1735 1095 1819 spiritales
1136 1733 1261 1817 gratias
1298 1733 1482 1812 habebant,

271 1848 365 1904 erant
391 1841 493 1906 etiam
517 1842 641 1920 etalii,
666 1841 723 1923 qui
754 1849 789 1904 et
818 1839 863 1904 ad
886 1840 1076 1903 suasionem
1102 1836 1215 1920 aliqua
1237 1837 1484 1920 proponebant,

271 1944 365 2025 quasi
380 1945 437 2027 qui
453 1952 487 2008 et
502 1945 564 2027 ipsi
586 1966 629 2008 ex
650 1944 764 2008 diuina
784 1943 986 2008 reuelatione
1006 1941 1063 2006 illa
1085 1962 1157 2006 esse
1175 1941 1372 2005 simulantes
1392 1963 1484 2026 quae

270 2068 291 2109 a
321 2066 356 2110 se
385 2046 520 2126 fiebant,
551 2047 647 2112 sicuti
672 2057 705 2112 et
738 2048 882 2111 Iudaeos
906 2047 1097 2112 exorcizare
1122 2056 1157 2110 et
1183 2046 1418 2110 daemoniacos
1446 2046 1484 2113 in

221 2159 256 2226 15
272 2148 406 2211 nominc
437 2147 559 2212 Christi
590 2169 766 2232 usurpasse
796 2169 856 2231 per
885 2148 994 2212 Actus
1027 2147 1204 2212 didicimus
1241 2147 1482 2231 apostolorum.

271 2252 429 2332 quoniam
453 2272 533 2334 ergo
562 2252 652 2333 apud
682 2251 996 2317 Thessalonicenses
1026 2252 1163 2335 quidam
1195 2261 1297 2327 erant,
1324 2252 1380 2335 qui
1411 2272 1484 2316 non

271 2353 497 2435 suscipiebant
521 2354 578 2419 illa
600 2375 687 2438 quae
705 2357 888 2420 secundum
912 2357 1173 2438 inoperationem
1196 2354 1379 2439 spiritalem
1404 2377 1485 2438 pro·

271 2460 460 2535 fitebantur,
492 2460 549 2542 qui
579 2467 613 2523 et
643 2459 879 2542 confingebant
909 2460 1122 2523 seductorum
1160 2478 1197 2522 se
1234 2478 1335 2522 causa
1367 2458 1484 2522 studio

271 2565 421 2630 cautelae
444 2567 478 2630 id
501 2564 843 2642 declinare—fiebant
865 2573 979 2628 autem
1002 2563 1067 2626 ista
1088 2563 1132 2626 ab
1155 2562 1417 2644 indisciplinatis,
1442 2582 1484 2625 eo

218 2669 363 2752 eoquod
393 2689 492 2751 saepe
523 2667 782 2751 indisciplinatio
812 2687 926 2731 eorum
952 2667 1154 2749 arguebatur
1182 2687 1228 2730 ex
1251 2666 1315 2730 illis
1344 2686 1432 2749 quae
1462 2687 1484 2729 a

272 2771 442 2856 prophetis
464 2771 781 2864 dicebantur-ideo
802 2771 911 2835 dixit:
944 2770 1143 2854 ‘prophetas
1168 2771 1272 2835 nolite
1296 2769 1485 2853 reprobare,

262 2897 381 2959 neque
409 2876 592 2959 spiritalem
622 2875 885 2959 inoperationem
922 2872 1117 2959 prohibere!
1162 2895 1240 2939 nam
1271 2877 1360 2958 quod
1392 2876 1485 2941 dixit

322 3056 335 3090 ι
353 3047 411 3105 post
421 3057 460 3091 om
471 3042 506 3091 H
592 3044 608 3093 8
624 3042 658 3093 ab
668 3042 724 3108 ipso
735 3058 754 3093 s.
766 3042 792 3092 d.
807 3041 880 3092 nobis
889 3057 907 3091 r
992 3055 1018 3092 11
1036 3041 1144 3092 multum
1154 3042 1353 3093 existimantibus
1366 3044 1405 3094 C'
1413 3044 1487 3095 Hr:

272 3129 312 3172 ιιι
325 3123 348 3172 C
357 3124 431 3185 (cm)
503 3140 532 3188 ¹4
548 3130 574 3175 et
584 3126 632 3187 (ιθ)
643 3141 682 3175 om
697 3126 719 3176 C
791 3137 819 3188 17
836 3127 863 3173 in
874 3139 943 3189 oper.
955 3125 1015 3189 (sor
1024 3140 1074 3176 sec.
1085 3124 1192 3190 imp-ll
1257 3141 1286 3194 19
1303 3126 1460 3178 declinantes
1472 3143 1489 3176 τ

272 3219 301 3254 rr
321 3205 465 3269 prophetias
478 3205 499 3255 C
510 3204 582 3271 (corr)
695 3220 726 3255 ιι
743 3206 915 3272 operationem
926 3206 964 3256 rl

271 3331 428 3396 ρασμιῧττῶτ
440 3333 714 3400 θλίψινέμβολλόντωτ.
755 3336 873 3386 Τίιάιιι,
901 3336 948 3385 δεῖς
957 3337 1106 3399 προφητεῖαι
1117 3337 1158 3386 rel
1174 3338 1229 3388 τοῦτ
1245 3333 1487 3401 ἅληθῆπροαγοριὺ·

273 3417 314 3465 καὶ
330 3417 356 3465 ir
374 3417 443 3478 πενίᾳ
463 3418 503 3464 καὶ
520 3416 546 3465 ἐν
565 3417 694 3480 ἀρρωστίᾳ,
709 3418 749 3466 τοὶ
764 3417 849 3476 alarii
901 3433 972 3465 erres
983 3420 1144 3479 προφητεύειν
1155 3419 1269 3467 ἐκώλυον.

271 3513 338 3556 μενοι
364 3497 405 3546 noi
438 3498 624 3560 στρεβλούμενοι
655 3499 696 3547 καὶ
724 3497 850 3560 retemt-
938 3512 974 3561 14.
1009 3499 1317 3565 exorcizare...usurpasse]
1337 3500 1488 3565 ‘presumed

272 3563 348 3635 μενοι.
902 3586 929 3629 to
937 3578 1059 3630 exorcize'
1066 3581 1237 3642 (ἐπεχείρησαν
1248 3579 1400 3644 &inpulsam
1411 3581 1445 3631 cf.
1454 3593 1487 3631 11.

306 3654 330 3705 6.
365 3671 391 3705 eo
406 3656 473 3720 quod
484 3656 532 3705 ista
545 3656 581 3706 D.
596 3657 663 3718 uelit,
677 3656 735 3720 dre]
752 3658 852 3723 Chryse
905 3676 930 3726 p.
944 3676 983 3724 23,
995 3661 1012 3711 l.
1026 3677 1063 3725 13,
1077 3669 1146 3711 note.

273 3738 345 3786 reiro
354 3738 404 3800 γὰρ
415 3737 509 3798 θέλημα
520 3736 832 3801 θιοῦπὸφειεύχαριττεῖτ.
940 3756 978 3805 15.
1007 3745 1142 3807 perActus
1150 3743 1201 3793 dii.
1214 3742 1268 3808 ap.]
1286 3744 1348 3794 Acts
1356 3745 1408 3794 xix.
1423 3761 1462 3810 13.

310 3834 347 3869 11.
381 3820 468 3868 multis
484 3818 653 3881 exz'srentibm]
680 3820 744 3870 This
761 3821 856 3871 double
941 3821 979 3872 16.
1012 3823 1083 3888 apud
1096 3824 1412 3890 Thessaloneeemes..prob.
1431 3825 1489 3888 illa]

274 3900 412 3950 correction
430 3898 480 3961 (see
501 3916 542 3949 vv.
559 3900 598 3962 ll.)
614 3916 694 3951 seems
715 3907 743 3952 to
764 3902 797 3951 be
818 3917 856 3952 re·
906 3904 1077 3956 Abbreviated
1088 3905 1123 3968 by
1135 3904 1268 3954 lanfranc.

274 3981 362 4047 quired
371 3983 405 4044 by
416 3980 459 4031 the
470 3996 550 4031 sense.
941 3999 978 4048 17.
1013 3985 1297 4052 quae...profitebantur]
1320 3984 1490 4049 τοὶέπαγγιλ·

307 4061 381 4113 Th's
390 4061 641 4126 conjectureisgiven
648 4062 684 4126 by
692 4062 781 4127 Chrys.
790 4079 857 4113 asan
905 4065 1005 4129 λόρενο,
1012 4075 1078 4132 pass.
1089 4067 1129 4130 [η.
1149 4067 1490 4134 ForprqfitereseeRdnsch,

276 4143 422 4194 alternative
442 4141 516 4207 (ἔστιν
535 4143 560 4191 δὲ
582 4145 621 4192 καὶ
638 4143 703 4205 ἄλλη
721 4145 853 4207 ἐξήγησις).
905 4148 982 4209 Itala,
997 4163 1022 4212 p.
1034 4161 1079 4212 301
1092 4165 1100 4208 3
1111 4148 1312 4214 indisciplinatio,
1328 4149 1370 4209 ib,
1385 4165 1410 4213 p.
1426 4164 1485 4198 aar.

265 4226 352 4292 ‘Thdt
378 4232 454 4275 states
470 4225 489 4273 it
505 4224 610 4274 without
627 4234 767 4276 comment:
792 4227 856 4275 τινές
939 4242 977 4278 ιι.
995 4245 1054 4277 nam
1062 4229 1425 4294 quoddixit‘reprobare,'tc.]
1434 4230 1493 4280 The

277 4313 353 4368 φασιν
364 4305 395 4355 ὡς
405 4306 571 4366 ἐπανίστησιν
583 4306 597 4354 rl
608 4304 720 4368 διάβολοι
735 4308 775 4356 rai
792 4308 856 4357 κατὰ
905 4308 1101 4360 indiscriminate
1112 4309 1231 4374 rejection
1249 4308 1492 4370 (ἐξουθενεῖτεάπο-

277 4390 319 4439 τὸν
331 4388 379 4435 τῶν
395 4384 538 4435 ἀποστόλων
554 4387 636 4449 καιρὸν
655 4389 705 4436 sair
721 4389 856 4449 προφήταις
906 4390 1049 4451 δοκιμάζειν)
1057 4389 1087 4441 os
1093 4392 1221 4456 prophecy
1227 4406 1278 4440 was
1286 4390 1400 4439 avirtual
1412 4391 1491 4455 rejec-

280 4468 490 4532 ψευδοπροφήτας,
502 4470 542 4519 nal
554 4468 592 4517 ὅτι
603 4469 667 4517 τινὲς
685 4469 724 4517 διὰ
740 4469 784 4520 τὰς
802 4472 856 4532 deu
907 4471 961 4521 tion
972 4471 1002 4521 ol
1010 4472 1053 4521 the
1065 4473 1166 4523 Author
1175 4472 1205 4521 ol
1212 4470 1350 4537 prophecy.
