3142 5100
91 381 125 445 V.
141 380 182 463 9.]
419 396 460 445 m
486 397 538 446 ΕΡ.
562 396 613 445 no
636 393 869 446 rnuorrrnuru
894 395 917 444 r.
1224 382 1285 457 159

89 577 268 643 statuerunt,
295 578 486 631 utrumnam
512 569 666 631 mulieres
693 568 897 631 diaconissas
921 578 1000 630 ante
1023 565 1111 629 hanc
1138 573 1283 628 aetatem

88 672 216 734 ordinari
241 673 377 735 minime
401 674 587 736 conueniat.
632 693 710 754 erga
737 693 821 754 quas
850 671 904 734 uel
929 671 1079 734 maxime
1104 670 1137 733 id
1164 669 1285 732 debere

88 775 239 837 obseruari
255 776 543 851 existimauerunt,
558 798 598 838 eo
613 777 703 857 quod
727 776 760 838 in
782 776 900 838 maiori
921 775 1036 838 ordine
1059 795 1079 837 a
1093 771 1203 837 uiduis
1219 771 1286 834 sint

88 879 325 961 producendae;
354 900 461 961 neque
488 878 571 942 illud
603 879 835 960 intellegentes
865 879 1022 961 quoniam
1054 877 1081 940 si
1110 877 1142 940 in
1170 896 1284 939 earum

88 983 281 1046 ordinatione
297 983 331 1046 id
347 984 524 1046 obseruare
548 985 704 1057 decreuit,
721 985 779 1047 sed
804 983 910 1047 multo
927 983 1040 1068 magis¹
1054 1002 1133 1064 erga
1149 979 1285 1063 presby·
1326 985 1341 1052 5

86 1095 164 1148 teros
184 1096 218 1148 et
237 1087 414 1168 episcopos
435 1086 468 1149 id
492 1088 659 1150 custodire
681 1087 925 1169 praecepisset3
948 1086 1038 1168 quod
1061 1085 1197 1147 minime
1213 1104 1286 1165 per·

86 1188 198 1269 spicere
223 1197 415 1270 potuerunt.
459 1189 577 1252 beatus
599 1198 711 1253 autem
740 1190 861 1252 Paulus
887 1189 943 1271 qui
968 1208 1151 1271 numquam
1175 1194 1287 1248 aetate

87 1290 279 1355 functionem
310 1292 452 1356 credidit
491 1313 564 1355 esse
597 1294 850 1368 decernendam,
886 1292 1029 1374 denique
1069 1290 1286 1354 Timotheum

87 1394 186 1476 ipsum
204 1396 303 1460 ualde
325 1397 478 1460 iuuenem
502 1407 677 1461 extantem
698 1399 802 1461 tantis
817 1399 1008 1480 praeposuit
1024 1396 1179 1471 ecclesiis,
1194 1416 1288 1478 mag·

87 1519 157 1562 num
175 1499 218 1563 illi
234 1521 320 1582 opus
335 1510 369 1563 et
385 1503 474 1583 quod
495 1504 650 1566 omnibus
668 1502 865 1585 praecellere
886 1504 1016 1567 uidetur
1031 1500 1288 1564 committens—
1306 1521 1346 1567 10

86 1611 116 1664 et
135 1601 195 1666 hoc
216 1604 423 1687 significatur
445 1626 505 1687 per
525 1607 598 1671 illas
621 1608 747 1671 litteras
767 1629 851 1690 quas
872 1608 914 1671 ad
938 1627 1014 1670 eum
1030 1604 1142 1688 dirigit
1163 1604 1286 1677 dicens

86 1727 167 1768 nemo
201 1707 399 1770 rimentutem
429 1718 522 1771 tuam
551 1711 874 1793 contempnat-quid
910 1721 962 1774 est
991 1710 1096 1791 ergo?
1155 1706 1288 1770 uirtutis

85 1808 273 1872 industriam
294 1830 367 1872 non
387 1832 431 1873 ex
454 1821 564 1876 aetate
582 1813 675 1894 cupit
698 1812 830 1890 firmari,
853 1814 946 1877 cuius
968 1812 1021 1876 uel
1045 1811 1194 1874 maxime
1213 1831 1289 1892 pro·

85 1912 247 1975 barionem
264 1911 371 1976 lacere
387 1914 537 1993 uidetur;
559 1915 680 1979 sufficit
700 1916 790 1979 enim
813 1916 870 1979 illa
886 1926 979 1979 aetas
999 1935 1084 1998 quae
1103 1924 1182 1979 ante
1206 1914 1288 1978 haec

83 2025 228 2098 tempora
245 2017 382 2080 nimiam
398 2026 432 2080 et
447 2028 579 2082 cautam
595 2020 769 2102 praeberet
785 2020 1016 2103 probationem
1032 2017 1289 2099 uniuscuiusque
1308 2037 1343 2104 15

83 2120 249 2202 propositi.
282 2116 386 2202 †quia
401 2141 481 2184 uero
496 2122 616 2186 uiduae
633 2124 665 2185 in
682 2124 799 2186 ordine
814 2123 1103 2187 constituebantur
1118 2124 1289 2187 ecclesias·

80 2223 144 2286 tico
167 2234 205 2287 ut
232 2225 491 2288 ecclesiasticam
522 2227 707 2308 potirentur
736 2228 990 2310 prouidentiam,
1022 2228 1146 2291 multae
1176 2236 1288 2291 autem

83 2337 171 2391 erant
201 2349 290 2410 quae
319 2329 409 2391 uiros
438 2330 619 2394 amiserant
655 2352 742 2414 quae
772 2352 839 2394 non
870 2332 1032 2395 uirtutum
1063 2331 1174 2394 studio
1205 2331 1291 2393 inter

81 2432 195 2495 uiduas
216 2453 255 2494 se
274 2434 503 2495 connumerari
536 2432 703 2510 uolebant,
719 2435 778 2497 sed
801 2444 839 2497 ut
865 2434 1122 2498 ecclesiasticam
1144 2436 1290 2500 fruentes

81 2536 304 2616 prouisionem
323 2558 436 2600 secure
456 2536 513 2601 illa
530 2558 617 2619 quae
638 2538 680 2602 ad
702 2559 799 2602 usum
819 2540 986 2621 pertinent
1005 2537 1208 2621 corporalem
1232 2537 1291 2602 ha·
1306 2561 1348 2609 20

80 2640 195 2703 bentes
214 2640 321 2703 uitam
339 2661 433 2705 suam
449 2644 632 2723 transigere
647 2652 793 2724 possent,
809 2664 853 2706 ex
869 2643 932 2706 hac
947 2665 1027 2707 uero
1043 2645 1171 2707 ratione
1187 2643 1292 2707 multa

141 2767 224 2835 ἀλλ’
251 2768 364 2851 ἐπειδὴ
394 2773 612 2855 κατελέγοντο
641 2778 744 2862 χῆραι
773 2773 829 2840 διὰ
857 2772 895 2838 τὸ
925 2775 984 2854 τῆς
1013 2775 1293 2854 ἐκκλησιαστικῆς

80 2872 273 2955 ἐπιμελείας
292 2871 476 2956 ἀξιοῦσθαι,
492 2875 552 2942 οὐκ
569 2874 685 2963 α’ρετῆς
705 2875 865 2967 ἐπιθυμία
880 2876 940 2957 τὴν
954 2876 1093 2965 χηρείαν
1111 2882 1295 2960 μετιοῦσαι,

78 2976 155 3042 αλλ’
171 2976 265 3044 ὥστε
284 2977 468 3063 ἀμερίμνως
483 2978 544 3048 τὰς
558 2979 752 3063 σωματικὰς
774 2980 811 3045 ἔκ
826 2982 884 3061 τῆς
899 2978 1079 3059 ἐκκλησίας
1099 2979 1294 3068 πορίζεσθαι

78 3080 203 3168 χρείας,
227 3081 265 3146 ἐκ
287 3080 321 3147 δὲ
343 3079 461 3148 τούτου
482 3087 632 3149 πλεῖστα
646 3083 697 3171 ὥς
720 3082 805 3153 εἰκὸς
828 3083 1016 3148 ἐπετελεῑτο
1038 3082 1168 3149 κακά...
1309 3108 1347 3175 ²5

126 3235 141 3283 3
159 3219 345 3269 existimauerit
359 3218 397 3268 C*
423 3220 618 3271 existimauerim
633 3220 739 3285 C(corr)
762 3220 955 3269 aestimauerunt
967 3236 984 3269 r
1079 3240 1095 3284 4
1112 3237 1197 3271 eorum
1211 3222 1234 3271 C
1243 3221 1276 3270 H
1281 3237 1297 3270 r

78 3315 92 3361 5
110 3302 244 3352 obscurari
258 3302 279 3351 C
290 3299 363 3364 (conl
376 3318 392 3349 r
472 3303 624 3352 ocustodiri
639 3304 746 3364 C(corr)
761 3299 765 3366 Ι
780 3301 881 3351 nemine
893 3303 901 3358 l
902 3302 950 3366 sor
959 3298 1077 3365 mian
1156 3316 1168 3365 7
1186 3302 1294 3366 potuerit

81 3383 103 3431 C
113 3381 118 3446 Ι
133 3380 278 3447 quiomrl
293 3381 369 3430 aetati
382 3381 448 3430 CH
467 3398 512 3446 per
523 3390 658 3432 aetatemr
733 3383 824 3431 Suam
842 3379 898 3444 (sor
908 3379 1026 3445 denique)
1039 3397 1056 3430 r
1139 3397 1165 3431 11
1184 3382 1295 3446 signatur

77 3465 111 3512 H
255 3477 283 3512 ra
300 3460 494 3526 condemnatri
509 3464 570 3528 quid
582 3480 641 3528 ergo
652 3464 734 3513 estH
759 3479 802 3527 qu.
815 3479 837 3512 e.
850 3468 886 3512 est
898 3463 946 3511 hoc
958 3463 1025 3527 quod
1037 3461 1097 3512 dicit
1110 3478 1126 3511 r
1266 3477 1295 3526 14

77 3532 136 3594 ante
146 3545 190 3595 bis
202 3544 360 3608 temporibus
373 3545 438 3594 CH
535 3560 564 3607 ¹5
581 3545 722 3610 praebuerit
734 3562 750 3593 r
849 3559 878 3608 19
895 3543 1043 3594 commorari
1057 3541 1141 3593 C’H
1148 3559 1164 3590 r
1265 3560 1293 3595 τι

77 3630 174 3695 poesint
191 3629 217 3677 C
219 3624 235 3651 '
246 3627 281 3675 H
288 3622 293 3689 Ι
308 3627 431 3675 rationem
444 3624 483 3676 C*
613 3641 643 3676 ατ
661 3643 697 3691 sq.
713 3625 791 3676 Coisl.
809 3640 863 3688 τοι,
878 3625 895 3676 ί.
911 3642 958 3687 το4
969 3626 986 3674 b
998 3626 1052 3686 [Cr.
1069 3625 1111 3673 vii.
1125 3640 1164 3689 39,
1179 3625 1221 3675 Fr.
1240 3627 1297 3690 153]

79 3712 206 3773 θεόδωρος.
242 3710 283 3755 καί
299 3706 375 3757 ἄλλος
386 3708 469 3767 φησίν
482 3709 510 3756 οὐ
521 3709 574 3770 περὶ
587 3703 636 3756 rein
651 3711 683 3758 είς
695 3708 814 3756 διακονίαν
825 3708 977 3768 προαχθῆναι
989 3703 1136 3768 wernonem
1147 3708 1296 3768 διαλέγεται.

78 3793 144 3842 ἀλλὰ
170 3790 298 3853 περὶτῶν
318 3789 353 3838 είς
369 3790 399 3836 τὸ
422 3789 523 3849 χηρικὸν
543 3791 750 3851 ίγκαταλεγῆναι·
773 3789 828 3836 onst
849 3789 898 3849 γὰρ
917 3787 998 3846 ἡλικία
1016 3787 1069 3851 (sic)
1088 3785 1136 3836 τῶν
1159 3790 1190 3838 είς
1207 3790 1296 3850 κλῆρον

78 3872 258 3934 προαγομένου
273 3867 394 3929 ὁρίζεσθαι
405 3870 462 3929 χρή,
480 3866 562 3930 ὥσπερ
579 3869 634 3917 οὐδὲ
650 3867 685 3917 ἐπ’
703 3863 778 3916 αὐτοῦ
796 3868 936 3926 repudiavi
953 3866 1090 3916 ἀπόστολος
1105 3864 1178 3916 τοῦτο
1191 3874 1297 3928 παριφυ·

79 3956 183 4015 moro,
201 3952 269 4000 ἀλλὰ
280 3947 312 4011 τῇ
323 3946 399 4011 αρετῇ
412 3955 458 4011 τὴν
471 3951 612 4010 δοκιμασίαν
625 3950 820 4014 χαρακτηρίζτιν.
854 3949 910 3997 ἀλλ’
923 3951 1013 4009 ἐπειδή,
1028 3951 1101 3997 κ.τ.λ.

114 4086 138 4119 ι.
174 4065 671 4127 statusmntasrumnam...min.conu.]
721 4065 838 4114 however
857 4063 900 4112 the
917 4062 1016 4112 remark
1036 4062 1065 4112 os
1080 4062 1185 4126 Chrys:
1209 4066 1295 4127 βαβαί,

81 4151 137 4200 Our
147 4147 291 4199 translator
305 4145 352 4195 has
363 4144 473 4195 blended
491 4146 534 4195 the
546 4154 596 4196 two
612 4163 671 4196 con·
722 4148 802 4205 πόσην
816 4147 940 4208 ἀκρίβειαν
954 4146 1054 4193 ἀπαιτεῖ
1062 4147 1129 4206 παρὰ
1144 4144 1193 4194 τῶν
1207 4144 1298 4208 χηρῶν·

79 4231 221 4283 macrinus
230 4230 394 4278 “statuerunt
402 4224 672 4283 minimaconuenire‚’'
721 4230 782 4289 ὅσην
800 4230 888 4290 σχεδὸν
907 4229 946 4277 rel
966 4227 1024 4291 παρ’
1041 4231 1115 4278 αὐτοῦ
1131 4230 1174 4278 τοῦ
1188 4230 1233 4289 τὴν
1247 4231 1299 4279 ἐτι-

80 4313 132 4363 and
159 4309 334 4378 “percontati
361 4316 420 4359 sunt
442 4317 584 4359 utrumnam
611 4324 669 4359 con·
725 4311 821 4369 σκοπὴν
832 4310 941 4370 ἔχοντος.

78 4395 201 4449 ueniat?
755 4403 778 4454 7.
812 4405 953 4454 numquam
975 4390 1060 4451 aetate]
1103 4390 1151 4441 See
1169 4391 1249 4440 above
1266 4406 1300 4443 on

113 4494 138 4539 5.
196 4475 276 4523 multo
306 4475 386 4534 magis
410 4487 467 4534 erga
490 4472 583 4537 presb]
628 4471 668 4519 Ci.
721 4487 757 4521 cc.
772 4470 808 4519 iii.
822 4483 844 4532 5,
858 4469 890 4519 iv.
906 4485 944 4519 ιι.
