3142 5100
223 412 266 476 86
555 431 783 485 rnnononus
808 429 1101 483 uorsuasrsuus
1282 417 1434 502 [11.1‚2.

224 601 425 668 sustinemus
441 606 484 669 ad
501 605 612 669 Deum
629 625 802 682 recurrere,
818 603 875 688 qui
894 614 1014 687 potens
1029 614 1080 668 est
1095 623 1155 668 suo
1171 603 1298 667 auxilio
1317 603 1435 666 sedare

224 705 378 770 uniuersa
399 707 455 771 illa
477 729 563 792 quae
585 709 628 772 ad
651 717 800 771 nostram
823 708 991 789 pertinent
1015 705 1212 794 molestiam.
1256 705 1321 770 hoc
1341 712 1435 790 ‘pos-

224 811 436 875 tulationem'
457 811 554 886 dixit,
575 809 726 892 eoquod
749 830 810 891 pro
832 809 898 872 illis
920 829 1006 891 quae
1028 809 1125 872 nobis
1147 818 1336 892 repugnant
1360 808 1435 873 Deo

225 915 408 978 orationem
425 913 565 978 adsidue
580 915 703 978 factam
719 915 841 977 uiduae
856 913 1069 989 adsimilauit‚
1086 935 1172 996 quae
1190 913 1234 976 ab
1254 913 1435 977 aduersarii

193 1020 377 1100 spotentia
409 1038 445 1081 se
477 1015 608 1080 liberari
639 1016 842 1098 postulabat.
902 1035 980 1078 nam
1012 1016 1091 1099 quia
1120 1017 1209 1078 dixit
1236 1016 1435 1097 ‘gratiamm

226 1120 410 1198 actionem,'
436 1121 573 1184 euidens
600 1131 651 1186 est
677 1121 836 1203 quoniam
866 1118 990 1182 habere
1014 1120 1120 1201 possit
1145 1119 1366 1183 differentiam
1393 1116 1436 1180 ab

225 1223 383 1300 oratione,
411 1224 569 1306 quoniam
601 1225 697 1287 aliter
722 1223 858 1307 quidem
886 1222 1147 1305 postulationem
1174 1223 1276 1286 habet
1303 1223 1434 1286 illorum

226 1348 313 1409 quae
337 1329 459 1391 desunt
484 1328 517 1390 in
544 1349 625 1406 usu;
661 1329 842 1410 gratiarum
869 1348 950 1391 uero
976 1327 1064 1391 actio
1091 1348 1151 1409 pro
1177 1327 1229 1390 his
1256 1347 1343 1409 quae
1370 1326 1437 1387 iam

227 1433 387 1514 praestita
412 1442 491 1495 sunt
520 1431 668 1496 efficitur.
724 1441 757 1495 et
780 1452 841 1514 pro
872 1430 993 1514 quibus
1023 1429 1106 1494 haec
1135 1429 1205 1493 fieri
1235 1429 1440 1493 conueniant

175 1553 215 1601 10
228 1536 372 1598 docens:

286 1682 350 1752 pra
364 1668 512 1732 amnibus
525 1668 716 1733 dominibus.

295 1797 328 1861 in
345 1817 522 1862 commune
530 1810 592 1881 pra
608 1796 756 1861 manibus
769 1795 954 1861 luminibus
968 1797 1091 1861 debere
1112 1815 1170 1861 eos
1186 1797 1348 1860 sollicitos
1365 1816 1439 1860 esse

229 1901 398 1985 praecipit.
430 1921 509 1964 nam
524 1903 552 1963 is
568 1902 624 1984 qui
640 1921 701 1983 pro
717 1900 872 1963 omnibus
886 1899 1077 1963 hominibus
1093 1900 1156 1963 hoc
1172 1899 1280 1963 facere
1297 1899 1439 1979 iubetur,

230 2007 367 2070 euidens
393 2015 443 2069 est
462 2006 619 2087 quoniam
642 2014 677 2068 et
699 2024 759 2087 pro
782 1996 938 2068 omnibus
964 2003 1223 2067 sollicitudinem
1245 2006 1441 2085 expendere

178 2127 189 2174 1
198 2124 213 2190 5
231 2110 368 2174 iubetur.
413 2109 534 2172 deinde
549 2108 592 2172 ad
609 2107 666 2171 illa
680 2129 766 2192 quae
781 2128 914 2172 summa
929 2128 1002 2171 esse
1017 2108 1173 2173 uidentur
1184 2108 1270 2172 inter
1285 2107 1441 2172 homines

230 2212 348 2277 transit
360 2235 367 2275 :

288 2360 351 2431 pra
365 2346 493 2431 regibus
508 2347 642 2432 (inquit)
658 2347 850 2412 creantibus
864 2348 924 2430 qui
937 2349 973 2412 iu
986 2347 1187 2413 sublimitate
1200 2359 1286 2414 sunt.

297 2484 332 2539 et
346 2475 526 2538 ostendens
541 2475 700 2557 quoniam
716 2484 750 2539 et
765 2474 829 2537 hoc
845 2473 972 2538 lucrum
988 2476 1031 2538 sit
1047 2494 1181 2539 eorum:

297 2622 336 2676 at
359 2609 501 2694 quietam
525 2611 658 2694 (inquit)
683 2620 715 2674 et
737 2612 950 2693 tranquillam
973 2612 1078 2676 uitam
1099 2633 1240 2696 agamus
1258 2634 1332 2678 cum
1354 2616 1449 2678 omni

177 2733 220 2780 20
226 2714 347 2800 pietate
360 2726 392 2779 et
404 2715 581 2780 sobrietate.

300 2827 346 2890 ‘si
370 2829 460 2891 enim
480 2836 518 2891 ut
541 2827 743 2889 conueniens
767 2826 876 2890 estin
900 2847 984 2910 pace
1004 2825 1051 2890 illi
1074 2828 1268 2910 deguerunt,
1284 2829 1444 2912 possibile

234 2942 285 2998 est
311 2942 346 2997 et
368 2954 429 2995 nos
456 2930 732 3013 tranquillitatem
762 2930 909 2995 fruentes
936 2932 1053 3014 pietati
1088 2932 1259 2996 intendere
1289 2942 1323 2996 et
1353 2933 1445 2996 uitae

286 3083 297 3119 1
316 3068 446 3118 dominum
458 3066 515 3132 (sar
524 3065 609 3120 deuml
620 3082 637 3117 a
736 3081 749 3115 a
767 3065 831 3115 dixit
846 3066 1027 3131 postulationes
1037 3085 1054 3117 a
1152 3089 1168 3131 4
1185 3067 1304 3118 faciamus
1313 3068 1383 3133 quod
1394 3067 1444 3118 fac·

235 3156 288 3199 tum
301 3149 360 3213 (sar
369 3146 470 3211 factam)
482 3146 514 3211 νΙ
529 3147 677 3197 aduersariis
688 3148 720 3196 H
816 3162 830 3210 5
847 3149 984 3213 postulabit
998 3149 1034 3198 δ’
1132 3164 1148 3216 9
1165 3150 1297 3200 conueniat
1314 3150 1446 3210 Cfcarrlr

238 3244 267 3279 ιο
284 3228 380 3278 doceris
398 3244 415 3277 r
524 3243 552 3276 rr
570 3226 713 3276 hominibus
730 3243 769 3275 am
786 3243 803 3276 r
912 3243 941 3291 13
958 3229 1084 3293 praecepit
1100 3245 1118 3278 τ
1224 3232 1253 3280 ιθ
1270 3237 1295 3279 et
1307 3228 1353 3293 (ιθ)
1365 3245 1404 3278 am
1415 3230 1451 3279 J!

237 3327 265 3360 21
284 3310 415 3374 deguerint
428 3306 535 3373 Cfcorr)
547 3326 564 3357 r
650 3324 681 3359 aa
699 3309 792 3359 faciens
803 3310 861 3374 Uar
870 3309 990 3374 fruentes)
1003 3327 1019 3359 r

268 3445 291 3488 4.
328 3424 421 3473 uiduae
443 3422 612 3484 adsimilauit]
645 3422 696 3472 Le.
716 3425 817 3483 ἔντευξις
866 3432 961 3474 correct
970 3425 1013 3475 the
1021 3426 1233 3476 secondmember
1241 3425 1271 3476 of
1278 3426 1321 3477 the
1329 3433 1446 3477 sentence

236 3506 421 3568 ἰεατροσενχὴ
437 3506 558 3564 ἐκδίκησιν
575 3506 737 3567 ἐξαιτούμενη.
775 3508 815 3557 Cf.
866 3504 956 3553 should
969 3505 1043 3567 begin
1055 3504 1115 3555 with
1126 3506 1200 3554 alr'ter
1213 3523 1278 3567 uera,
1292 3507 1342 3556 and
1360 3507 1392 3556 be
1409 3523 1446 3557 re-

237 3591 264 3639 S.
278 3588 349 3637 Lulre
361 3587 427 3636 xviii
443 3603 457 3649 3
469 3585 658 3649 χήρα...ἧρχετο
674 3591 733 3651 πρὸς
745 3590 818 3638 αὑτὸν
866 3587 992 3635 modelled
1004 3587 1173 3652 accordingly.
1205 3587 1256 3638 But
1266 3589 1367 3639 alr'teris
1378 3589 1446 3639 awk-

236 3671 355 3730 λέγουσα·
367 3667 522 3726 triturata
537 3666 630 3726 μεᾰτὸ
641 3671 684 3717 τοῦ
699 3667 817 3718 ἀντιδίκου
867 3667 936 3715 ward
953 3668 979 3716 in
996 3684 1046 3732 any
1056 3684 1121 3728 case,
1140 3668 1191 3717 and
1207 3685 1240 3718 aa
1256 3685 1324 3719 error
1339 3685 1399 3734 may
1415 3670 1447 3719 be

236 3768 291 3808 μου.
322 3751 346 3798 It
358 3749 379 3798 is
391 3747 494 3796 difficult
506 3754 533 3796 to
544 3748 658 3799 discover
668 3766 718 3813 any
728 3766 817 3800 reason
867 3749 998 3812 suspected
1008 3767 1016 3810 ς
1026 3750 1078 3814 far.
1093 3750 1136 3813 leg.
1151 3751 1237 3800 altera.

236 3833 276 3882 for
286 3831 414 3896 assigning
425 3837 450 3879 to
463 3832 562 3889 ἔντευξις
574 3831 624 3879 this
635 3818 728 3896 special
739 3833 814 3892 force,
904 3843 939 3894 ro
976 3846 1033 3879 cum
1049 3833 1121 3879 amni
1130 3832 1170 3895 μ]
1189 3832 1234 3879 All
1251 3831 1293 3881 the
1311 3832 1386 3881 Latin
1405 3848 1448 3883 au-

238 3914 322 3965 unless
338 3914 357 3962 it
373 3914 406 3962 be
423 3912 500 3961 found
517 3913 543 3961 in
558 3914 633 3962 Rom.
646 3930 670 3962 x.
683 3929 696 3962 a
711 3912 817 3978 (tara-y·
868 3911 982 3962 thorities
994 3914 1089 3974 render,
1104 3914 1130 3962 in
1142 3914 1279 3964 obediente
1291 3924 1317 3964 to
1329 3915 1372 3965 the
1383 3916 1448 3978 Gk„

238 3995 325 4055 χάνει
346 3989 380 4053 τῷ
402 3988 450 4052 θεῷ
472 3993 545 4041 κατὰ
567 3993 611 4040 τοῦ
633 3990 762 4054 ’lapsam
784 3994 817 4044 cf·
871 3994 924 4043 “in
942 3996 1011 4044 omni
1030 3994 1073 4060 p.''

239 4076 324 4125 Amal.
341 4074 371 4123 de
385 4074 425 4137 affl
445 4086 484 4124 lv,
504 4087 544 4137 45.
581 4074 617 4122 At
637 4089 647 4122 r
665 4075 776 4125 Timiv.
793 4090 816 4138 5,
903 4092 942 4126 ar.
974 4076 1452 4145 deguerunl]=degerunt;cf.degrant

238 4157 321 4207 where
338 4156 387 4207 this
403 4172 474 4206 sense
493 4157 514 4206 is
532 4157 624 4219 clearly
641 4157 818 4221 inapplicable,
870 4157 965 4221 (supra,
977 4172 1003 4221 p.
1015 4168 1053 4221 77,
1068 4158 1085 4207 l.
1099 4161 1122 4220 8,
1133 4175 1172 4207 vv.
1182 4160 1230 4219 ll).
1256 4160 1311 4210 The
1322 4160 1388 4209 lexx.
1401 4163 1452 4212 cite

239 4239 287 4286 Tu
308 4254 392 4302 passas
407 4253 441 4286 on
458 4238 562 4287 without
583 4239 688 4295 remark,
706 4239 756 4287 and
773 4255 819 4287 our
869 4254 885 4286 a
895 4238 1009 4288 doubtful
1022 4256 1059 4288 ex.
1069 4239 1132 4290 from
1144 4241 1271 4290 Ausonius
1279 4243 1322 4305 (cp.
1334 4242 1390 4303 17);
1407 4244 1452 4294 the

239 4318 371 4367 translator
389 4318 409 4366 is
428 4324 531 4366 content
548 4325 575 4366 to
594 4317 673 4381 adopt
695 4317 737 4367 the
757 4318 818 4367 Vul-
869 4319 933 4369 form
951 4322 971 4369 is
988 4323 1041 4372 also
1059 4322 1136 4373 found
1152 4324 1178 4373 fn
1196 4324 1329 4375 Ennodius
1345 4323 1371 4389 (†
1380 4324 1450 4391 521),

240 4404 297 4458 gate
309 4395 440 4457 rendering
446 4396 666 4459 per...0ratianem.
864 4410 953 4465 paneg.
968 4418 1003 4467 ¹9·

276 4488 297 4536 7.
333 4477 406 4524 aliter
423 4476 532 4538 quidem]
568 4475 594 4525 If
608 4476 657 4525 this
675 4480 778 4551 reading
797 4482 818 4529 is
