3142 5100
26 908 42 973 l

244 367 306 446 ¹56
575 379 805 432 nunononus
829 377 1122 431 MOPSUESTENUS

238 552 439 634 properabat
474 553 564 618 enim
594 557 713 620 docere
743 554 903 638 quoniam
935 554 1010 617 illae
1040 553 1130 616 solae
1156 551 1282 615 debent
1312 559 1458 634 sumptu

237 660 463 723 ecclesiastico
479 658 603 733 nutriri,
622 678 708 740 quae
724 659 860 721 aliunde
879 657 1074 720 alimoniam
1086 655 1209 719 habere
1221 656 1360 718 minime
1377 674 1459 737 pos-

238 764 313 827 sint.
337 765 364 827 si
381 764 479 845 igitur
494 763 596 826 uidua
612 760 697 824 filios
713 772 771 824 aut
787 771 927 843 nepotes
937 759 1048 835 habet,
1065 760 1196 822 discant
1212 758 1259 823 illi
1275 760 1397 842 quiex
1414 780 1457 826 ea
1546 773 1547 792 *

239 867 309 928 nati
330 875 408 928 sunt
428 866 515 931 alere
537 872 678 927 matrem
701 865 771 927 siue
792 864 904 926 auiam
917 860 947 940 3*
970 861 1130 944 quiahoc
1154 862 1261 945 magis
1287 861 1456 944 placitum

1303 319 1458 448 [v.;,⁶.
1546 317 1547 402 ³

207 979 289 1053 gest
313 970 388 1033 Deo
410 981 447 1035 ut
469 970 512 1033 ab
536 969 599 1031 illis
622 970 818 1044 nutriantur,
838 978 872 1031 et
898 987 965 1030 non
990 967 1249 1031 ecclesiasticum
1276 967 1457 1049 indigeant
1546 963 1547 1022 l

238 1073 403 1137 solatium.
448 1072 570 1135 deinde
599 1072 680 1135 dicit
710 1072 753 1135 de
784 1070 848 1133 illis
878 1070 988 1133 uiduis
1018 1090 1102 1152 quas
1128 1090 1206 1134 uere
1232 1069 1353 1133 uiduas
1378 1090 1456 1133 esse
1546 1091 1547 1150 3

239 1178 421 1255 existimat,
437 1180 574 1242 dicens:

304 1368 387 1428 quae
413 1358 522 1411 autem
552 1368 625 1410 uere
654 1346 758 1410 uidua
786 1355 834 1408 est
861 1355 893 1408 et
921 1343 1074 1421 desolate,
1095 1353 1201 1426 speret
1222 1342 1257 1406 in
1284 1341 1397 1406 Deum
1423 1350 1457 1404 et
1546 1393 1547 1410 1

233 1459 426 1530 permaneat
439 1452 474 1514 in
489 1452 633 1514 oratzbne
645 1461 677 1515 et
690 1449 905 1534 deprecatione
920 1457 1005 1512 nocte
1018 1459 1051 1513 et
1063 1449 1124 1511 die.

188 1611 229 1658 10
305 1589 442 1652 euidens
457 1599 510 1653 est
525 1591 614 1672 quod
636 1611 749 1654 ueram
772 1591 909 1654 uiduam
930 1592 1060 1654 duobus
1083 1590 1126 1652 ab
1148 1588 1257 1652 causis
1280 1588 1455 1652 ecclesias-
1546 1587 1547 1638 l

240 1690 307 1753 tieo
332 1701 467 1774 sumptu
489 1693 562 1755 uult
587 1694 722 1770 nutriri;
745 1714 861 1769 unum,
884 1703 921 1755 ut
941 1702 976 1756 et
1001 1694 1147 1757 moribus
1171 1692 1214 1754 sit
1243 1693 1400 1756 ordinata
1419 1700 1455 1756 et
1546 1693 1547 1712 ¹

239 1796 418 1859 uirtutibus
442 1795 641 1873 inlustrata;
673 1797 825 1872 alterurn,
854 1818 895 1859 eo
925 1798 1015 1879 quod
1043 1798 1086 1860 ad
1118 1796 1255 1878 plenum
1283 1798 1454 1862 neminem

239 1900 372 1964 uidetur
397 1901 519 1963 habere
545 1901 602 1982 qui
632 1901 842 1983 diligentiam
872 1901 902 1963 ei
934 1900 1100 1964 adhibeat.
1144 1900 1227 1963 haec
1258 1911 1373 1965 autem
1404 1911 1456 1966 est
1546 1955 1547 1986 p

239 2022 313 2066 uere
334 2003 444 2079 uz'elua,
472 2024 558 2084 quae
584 2004 809 2086 propinquum
833 2024 903 2067 non
926 2003 1028 2067 habet
1051 2013 1084 2066 et
1106 2024 1166 2087 per
1189 2025 1289 2067 omne
1318 2014 1454 2088 tempus
1546 2023 1547 2046 ³

189 2129 223 2195 15
240 2108 329 2172 uitae
345 2128 425 2171 suae
441 2108 520 2171 solis
535 2118 634 2172 uacat
649 2109 865 2173 orationibus.

305 2290 386 2352 quae
399 2278 507 2333 autem
522 2269 557 2333 in
573 2268 697 2333 delicies
717 2276 772 2345 est,
790 2267 870 2330 uiua
892 2276 1093 2332 mortuaest.

306 2405 350 2467 ‘si
371 2406 482 2488 aliqua
500 2406 624 2469 amisso
644 2406 716 2469 uiro
737 2406 770 2468 in
791 2405 954 2469 uiduitate
974 2425 1010 2466 se
1028 2404 1203 2486 persistere
1227 2404 1395 2486 promittit
1421 2414 1456 2467 et
1546 2413 1547 2476 1

240 2509 432 2574 deliciosam
453 2521 587 2574 exercet
607 2512 722 2586 uitam,
739 2521 872 2575 mortua
891 2519 943 2573 est
962 2510 1069 2592 magis
1082 2529 1184 2592 quam
1208 2511 1296 2588 uiua,
1319 2508 1398 2573 licet
1425 2508 1454 2571 si
1546 2511 1547 2540 l

240 2695 354 2781 χῆραι.
410 2692 535 2764 σκοπὸς
559 2693 624 2779 γὰρ
644 2692 734 2781 αὐτῷ
760 2692 891 2778 διδάξαι
915 2690 968 2759 δτι
993 2694 1115 2759 ἐκεῖναι
1134 2689 1234 2775 μόναι
1255 2695 1313 2771 τῆς
1336 2693 1456 2774 dextr}-
1546 2700 1547 2765 ζ

185 2798 418 2874 moecaveris
437 2795 625 2879 ἐπιμελείας
645 2795 823 2879 ἀξιοῦσθαι
842 2794 1047 2884 ὀφείλουσιν,
1063 2794 1116 2865 ais
1135 2794 1239 2866 οὐδεὶς
1261 2795 1456 2881 κηδεμονίας
1546 2846 1547 2851 1

241 2897 397 2985 ἑτέρωθεν
414 2898 658 2965 ὑπολέλειπται
677 2898 808 2984 τρόπος.
859 2897 918 2965 e’dv
933 2897 1045 2964 τοίνυν
1060 2896 1191 2984 (φησὶν)
1212 2896 1235 2983 ᾖ
1249 2898 1341 2988 χήρα
1356 2898 1456 2965 τέκνα
1546 2898 1547 2965 l

240 3104 376 3170 λεῑσθαι
399 3106 457 3186 τῆς
477 3102 600 3193 μητρὸς
622 3105 696 3186 ἤτοι
718 3107 777 3186 τῆς
798 3103 943 3189 μάμμης.

293 3266 488 3317 rillesolec⁸
502 3266 536 3317 H
618 3277 692 3333 μοι
706 3267 811 3332 (bestii.)
823 3267 879 3316 add
886 3267 934 3317 Cr
1016 3266 1188 3331 5nutrientur
1201 3266 1238 3316 C*
1254 3264 1260 3331 Ι
1274 3267 1454 3325 eeclesiastico.
1546 3260 1547 3267 ί

240 3350 331 3402 solatio
342 3368 359 3399 r
493 3352 508 3399 8
524 3360 608 3415 sperat
620 3369 636 3400 r

765 3366 781 3417 9
798 3353 874 3401 instat
886 3351 1099 3401 obsecrationibus
1109 3359 1135 3401 et
1145 3350 1300 3401 orationibus
1311 3369 1328 3400 r
1339 3351 1344 3417 Ι
1360 3368 1391 3402 ac
1402 3351 1459 3418 (for

240 3430 364 3496 et[2⁰])r
457 3448 488 3482 10
504 3433 602 3483 duobus
613 3434 646 3482 ob
658 3433 768 3483 oC'H
796 3434 893 3482 duabus
905 3433 1009 3483 obc.C
1019 3434 1094 3494 (corr)
1127 3432 1266 3482 duabusex
1277 3449 1332 3484 c.r
1425 3450 1456 3499 ¹4
1546 3458 1547 3477 1

241 3530 301 3563 uera
312 3514 346 3564 H
441 3517 470 3564 18
487 3515 533 3569 etsi
545 3515 603 3578 (fier
612 3514 634 3564 si
644 3517 679 3577 et)
691 3516 726 3564 H

241 3647 295 3704 μεῖν
305 3646 398 3707 μητέρα
408 3642 424 3704 ἢ
436 3646 542 3705 μάμμην,
559 3645 675 3710 niphal.
710 3649 763 3695 ‘eal
772 3649 822 3697 τοῖς
873 3642 1061 3706 (“orationi’');
1075 3644 1162 3708 vulg..
1174 3645 1416 3698 “observationibus
1430 3657 1456 3698 et
1546 3662 1547 3707 j

241 3729 384 3791 rpoytrore:
396 3732 523 3779 τουτέστιν
548 3731 580 3790 τῇ
596 3731 690 3791 μάμμῃ.
722 3732 822 3794 προστί-
872 3725 1053 3777 orationibus.”
1102 3726 1158 3776 The
1185 3741 1277 3776 comm.
1306 3729 1390 3779 shews
1422 3747 1456 3780 no
1546 3720 1547 3781 i

242 3815 312 3870 θησο
323 3813 363 3859 καὶ
373 3812 500 3872 λογισμόν·
523 3808 576 3858 ’ὅτι
586 3814 626 3859 καὶ
637 3811 672 3871 τῷ
690 3811 737 3872 θεῷ
750 3813 822 3860 τοῦτο
872 3816 940 3858 trane
951 3808 981 3857 oi
993 3807 1074 3857 either
1084 3807 1113 3857 ol
1126 3808 1170 3857 the
1186 3808 1356 3873 peculiarities
1373 3811 1456 3861 which
1546 3828 1547 3837 ³

243 3890 395 3941 decimor!
428 3892 554 3941 Lanlranc
566 3892 627 3941 cites
638 3892 745 3956 defiliis.
758 3894 804 3943 dcc.

275 3990 299 4024 a.
339 3974 499 4035 alimoniam]
526 3975 636 4035 Rbnsclr,
650 3976 726 4034 Itala,
739 3991 763 4039 p.
780 3979 820 4024 28.

275 4059 298 4105 8.
341 4063 426 4119 speret,
460 4057 617 4119 permaneat]
666 4058 702 4107 So
729 4058 818 4106 Ambr.

243 4136 271 4201 (⁴‘
280 4146 371 4201 speret,
384 4135 500 4196 instet”),
510 4137 559 4186 and
572 4122 657 4188 Sedul.
669 4137 736 4187 Scot.
752 4137 822 4200 (“in-

241 4226 290 4267 stet
300 4218 337 4278 ”);
350 4218 483 4277 Ambrsu„
501 4220 618 4283 “sperat
633 4219 716 4278 instat,
722 4217 736 4241 '’
743 4220 820 4283 Aug„

243 4299 385 4363 “sperauit,
408 4299 545 4363 persistit,”
566 4300 650 4363 Vulg.,
676 4302 692 4326 “
702 4301 820 4363 sperauit,

242 4378 345 4429 instat.”
378 4378 412 4427 In
423 4380 532 4429 oratione
545 4387 569 4428 et
583 4382 651 4443 depr.
665 4383 727 4440 (ταῖς
739 4380 822 4440 δεήσε-

241 4477 281 4508 σιν
294 4462 333 4507 καὶ
344 4462 396 4507 ταῖς
407 4462 574 4521 προσευχαῖς).
603 4464 640 4511 So
651 4463 737 4519 Sedul.
750 4465 820 4513 Scot.

872 3890 937 3940 bave
947 3891 1026 3940 found
1038 3891 1102 3940 their
1114 3905 1169 3954 way
1180 3891 1235 3940 into
1249 3891 1292 3941 the
1306 3893 1456 3944 translation
1544 3952 1547 3969 ⁴

872 3973 902 4021 oi
910 3974 953 4022 the
965 3980 1034 4031 text;
1052 3970 1085 4020 cf.
1103 3971 1185 4035 infra.
1197 3971 1224 4020 ll.
1240 3987 1278 4035 14,
1294 3986 1333 4033 15.

908 4070 945 4105 ιο.
980 4055 1218 4117 duobusabcausis]
1251 4055 1365 4119 Riinsch,
1380 4059 1456 4117 Itala,
1546 4100 1547 4105 ,

872 4153 898 4202 Ρ·
912 4149 968 4200 277·

908 4219 950 4269 16,
980 4219 1453 4284 quseaueem1800.h.‚anerck.;
1546 4290 1547 4293 Ἴ

873 4300 1007 4359 Ambrstr.‚
1022 4299 1106 4364 Vulg.‚
1124 4302 1208 4350 “nam
1219 4299 1312 4365 quae.”
1331 4303 1384 4353 For
1391 4306 1456 4353 uiua

874 4381 969 4443 (ζῶσα),
987 4382 1029 4431 rhe
1047 4382 1122 4432 latin
1138 4383 1251 4434 versions
1269 4401 1340 4435 more
1358 4389 1457 4453 etactly
1546 4414 1547 4421 ν

871 4467 961 4515 render
973 4469 992 4493 “
1001 4466 1117 4516 πέποιθ’
