3142 5100
93 387 153 453 ΙΙΙ.
175 366 333 476 11-13'.]
452 403 493 454 ru
519 405 571 455 nr.
593 404 645 454 nn
666 365 901 456 rruorrrnulr
925 405 949 455 1.
1241 401 1302 465 129

87 572 149 638 illis
165 596 206 640 ea
222 597 312 659 quae
328 577 372 642 de
386 599 424 642 se
438 585 517 641 sunt
532 577 684 654 reserant,
701 576 884 641 necessarie
899 595 979 658 ergo
994 572 1075 639 dicit
1096 593 1163 638 non
1179 570 1302 636 debere

87 700 141 743 eas
157 703 233 746 esse
249 682 480 758 accusatrices,
496 682 543 745 ita
565 688 603 744 ut
624 700 690 745 non
715 679 886 763 publicent
907 677 964 742 illa
986 678 1059 743 aliis
1081 698 1169 760 quae
1192 675 1300 760 aqui-

87 782 231 848 busdam
256 785 322 848 illis
346 786 510 862 dicuntur,
535 803 577 846 ne
597 804 642 846 ex
668 782 732 846 hoc
754 783 985 846 contentiones
1009 778 1137 863 aliquas
1163 777 1299 843 adnasci

53 917 57 924 ⁴
87 885 212 953 iaciant
230 897 291 952 aut
307 888 458 952 diuortia

148 1038 287 1106 sobrias.
1338 1046 1352 1111 5

147 1166 217 1232 hoc
232 1177 293 1244 est,
311 1169 481 1252 ‘argutas’
503 1169 606 1232 itaut
626 1166 788 1250 impleant
810 1187 887 1231 cum
912 1166 1091 1230 uelocitate
1116 1163 1229 1229 omnia
1244 1163 1300 1228 illa

85 1290 175 1351 quae
190 1292 212 1334 a
226 1292 263 1334 se
278 1271 349 1335 fieri
364 1272 575 1336 conueniunt.
620 1271 742 1335 deinde
757 1270 907 1354 plenarie
923 1269 1022 1334 dicit:

139 1421 262 1506 fideles
276 1422 312 1486 in
328 1421 484 1488 omnibrcr.

152 1551 266 1615 media
290 1573 370 1616 uero
394 1553 608 1635 interponens
633 1551 690 1615 illa
714 1572 802 1633 quae
832 1551 875 1615 de
903 1550 1094 1615 mulieribus
1125 1548 1297 1613 diaconiae

82 1652 233 1716 officium
260 1654 475 1737 iungentibus
500 1667 637 1739 propter
666 1654 812 1720 nominis
849 1655 984 1720 dixerat
1014 1656 1296 1733 communionem,
1320 1674 1357 1720 10

84 1760 132 1823 ita
162 1769 200 1823 ut
222 1760 414 1824 ostenderet
436 1761 528 1844 quod
551 1759 623 1824 uult
645 1759 799 1824 similiter
822 1767 856 1823 et
881 1760 960 1824 istas
988 1760 1107 1823 studiis
1134 1760 1296 1825 uirtutum

83 1860 269 1926 intendere
314 1862 435 1926 deinde
462 1864 599 1926 resumit
623 1862 888 1946 prosecutionem
920 1861 1011 1926 illam
1034 1860 1203 1945 quamde
1226 1862 1298 1926 dia·

83 1962 226 2025 conibus
242 1962 275 2025 in
291 1964 567 2046 praecedentibus
581 1965 724 2042 dixerat,
741 1965 872 2028 residua
888 1964 1036 2028 adiciens
1052 1984 1059 2028 :

152 2113 286 2176 draconi
308 2115 443 2198 (inquit)
469 2116 539 2180 sint
560 2116 660 2179 unius
682 2118 794 2180 rcxoris
815 2116 892 2194 uiri,
907 2115 1002 2199 filios
1017 2114 1092 2180 benc
1111 2124 1252 2199 regentes
1268 2125 1300 2179 et

83 2215 302 2281 srcasdomos.
1316 2229 1352 2296 15

152 2346 393 2426 compendiose
429 2347 575 2429 idipsum
614 2345 696 2410 dicit
734 2345 826 2430 quod
862 2347 895 2410 in
934 2345 1159 2429 superioribus
1192 2352 1226 2408 et
1254 2344 1299 2407 de

82 2447 293 2531 presbyteris
320 2449 461 2526 dixerat,
488 2471 548 2533 per
580 2451 693 2514 omnia
718 2450 900 2515 ostendens
930 2450 1089 2534 quoniam
1120 2469 1299 2513 commune

82 2551 151 2615 illis
171 2551 246 2616 uult
269 2553 387 2617 adesse
408 2554 556 2618 studium
580 2554 720 2619 uirtutis.
765 2553 888 2619 deinde
905 2554 984 2637 quia
1007 2553 1203 2618 infirmiores
1226 2572 1300 2616 esse

82 2656 246 2720 uidentur
261 2657 462 2740 presbyteris
478 2658 661 2722 secundum
680 2657 832 2740 gradum,
849 2658 1030 2723 ostendens
1051 2661 1130 2743 quia
1152 2660 1186 2724 in
1206 2659 1299 2725 nulla

81 2765 183 2838 parte
206 2757 414 2822 minorantur
436 2759 479 2823 ab
503 2759 566 2822 illis
589 2759 616 2823 si
640 2761 824 2824 secundum
847 2769 884 2825 ut
907 2762 1107 2826 conueniens
1130 2770 1181 2826 est
1201 2784 1297 2827 suum
1315 2784 1357 2832 20

83 2863 234 2927 officium
251 2863 391 2945 implere
406 2862 579 2941 noluerint,
595 2863 717 2928 adicit:

151 3013 215 3096 qui
232 3014 321 3078 enim
343 3013 417 3078 bem
436 3014 711 3093 ministrauerint,
727 3016 875 3099 gradum
897 3015 963 3081 sibi
983 3015 1098 3081 bonum
1119 3015 1303 3100 adquirunt

81 3125 115 3177 rt
132 3115 273 3180 multam
279 3114 443 3219 fidaciam
458 3116 509 3200 [in
514 3117 599 3201 fide]
615 3128 757 3201 quaeest
772 3118 807 3181 in
825 3116 953 3184 Christo
967 3119 1050 3181 Iesu.

137 3296 151 3331 r
168 3282 301 3346 duplicent
312 3298 329 3332 r
437 3297 454 3347 9
469 3284 585 3334 diaconia
599 3283 639 3334 C*
651 3287 686 3334 H
778 3301 815 3335 ro.
825 3284 907 3335 officia
917 3284 951 3335 H
954 3283 1037 3335 officio
1051 3282 1158 3349 C(corr)
1271 3299 1298 3335 11

85 3361 224 3410 ostendere
236 3362 270 3410 H
345 3376 374 3424 15
391 3362 481 3413 domos
491 3378 549 3413 suas
560 3380 577 3412 r
659 3364 690 3415 16
705 3365 768 3416 dixit
780 3383 796 3414 r
810 3363 814 3430 Ι
827 3370 853 3415 et
864 3365 915 3430 (ast
924 3365 1003 3431 quod)
1014 3364 1067 3413 add
1074 3365 1109 3413 H
1181 3380 1211 3414 n
1228 3364 1300 3414 mini·

85 3444 267 3497 straveritffl
368 3459 399 3508 23
410 3444 435 3494 in
448 3444 497 3496 tide
507 3462 546 3495 om
561 3447 584 3495 C
597 3447 631 3496 H

120 3598 146 3649 6.
184 3598 347 3663 argraaaita
361 3604 396 3659 ut,
413 3598 471 3662 &cl
504 3601 554 3650 See
569 3615 604 3650 on
619 3617 673 3651 Μ
726 3602 809 3668 rating
827 3601 854 3652 in
872 3602 914 3651 the
931 3616 987 3652 case
1007 3600 1037 3652 ol
1055 3600 1164 3652 deacons
1183 3599 1226 3652 the
1247 3600 1302 3651 rule

86 3682 126 3745 (p.
142 3682 199 3736 108,
211 3680 229 3728 l.
246 3682 293 3743 ιο).
724 3683 826 3748 already
837 3683 951 3749 imposed
962 3699 996 3732 on
1008 3682 1051 3733 the
1062 3683 1194 3732 ἐπίσκοποι
1205 3682 1250 3743 (iii.
1265 3682 1299 3746 a).

124 3779 164 3823 ¹⁴·
202 3763 281 3811 unius
300 3764 387 3812 mont
402 3763 466 3825 uin]
483 3765 572 3829 Chrys.
585 3765 673 3825 (ταῦτα
748 3765 822 3830 filios
843 3765 900 3814 bene
923 3770 1035 3828 reputes,
1060 3761 1120 3824 do]
1148 3762 1184 3813 So
1204 3763 1236 3813 Ο.
1258 3762 1301 3820 L.;

86 3844 146 3902 περὶ
156 3837 400 3901 meminebat
410 3839 524 3905 ἁρμόττει
540 3844 668 3907 εἰρῆσθαι),
723 3847 809 3910 Vulg,
830 3844 900 3910 “qui
917 3844 975 3892 filiis
992 3843 1042 3892 suis
1064 3843 1128 3893 bene
1143 3848 1262 3907 praesunt
1276 3850 1302 3890 et

87 3924 210 3974 followed
226 3925 260 3989 by
271 3924 350 3975 Tlrdt.
363 3925 428 3985 (κατ’
445 3928 535 3987 ἐκείνην
545 3926 590 3987 τὴν
601 3929 671 3990 ἐρμη·
722 3928 773 3977 suis
784 3924 927 3977 domibus.”

88 4006 156 4052 rw
172 4006 214 4053 cal
229 4007 303 4054 τοῦτο
313 4005 420 4069 romeon)
439 4008 489 4057 and
508 4008 570 4058 Oec.
583 4006 671 4072 (ταῦτα
758 4006 796 4058 16.
825 4008 853 4055 in
863 4014 917 4072 sup.
928 4006 989 4055 etde
993 4004 1149 4070 presbyteris]
1167 4003 1207 4054 Cf.
1215 4011 1301 4067 supra,

89 4088 117 4134 rt
145 4087 188 4135 nal
210 4088 266 4148 περὶ
289 4087 449 4137 διακονισσῶν
471 4091 509 4138 δεῖ
534 4090 668 4154 δέχεσθαι),
721 4106 746 4155 p.
760 4089 830 4155 99‚l.
845 4105 921 4155 psq„
935 4097 1016 4138 notes.

89 4176 210 4219 connects
229 4168 279 4219 this
298 4185 370 4219 verse
388 4171 450 4220 with
472 4171 515 4222 the
536 4173 672 4237 preceding
757 4185 797 4220 ro.
832 4170 995 4219 minorantur
1012 4168 1043 4217 ab
1059 4167 1123 4228 illis]
1143 4167 1302 4216 ἐλαττοῦνται

88 4251 124 4313 by
146 4251 287 4317 supposing
311 4252 366 4302 that
389 4252 409 4302 it
432 4254 530 4318 applios
558 4255 672 4314 (mutatis
722 4255 819 4302 ἐκείνων
830 4253 871 4313 (ἶ).
906 4251 946 4301 Cf.
959 4250 1071 4310 Rdnsch,
1085 4251 1163 4306 Itala,
1180 4264 1223 4314 pp.
1246 4259 1302 4312 172,

88 4336 228 4396 mmuh)
257 4344 286 4384 to
313 4335 478 4386 deaconesses
505 4352 533 4385 as
560 4337 616 4388 well
644 4353 672 4387 as
722 4348 780 4400 45²·

87 4416 206 4467 denoons.
258 4417 308 4467 Th.
346 4418 449 4481 regards
481 4434 505 4467 v.
541 4434 566 4468 11
600 4434 627 4468 as
657 4434 672 4467 a
758 4435 797 4483 ²3·
834 4419 863 4468 in
883 4417 948 4483 fide]
976 4414 1091 4466 Omitted
1119 4414 1178 4465 here
1205 4413 1232 4463 in
1259 4413 1303 4463 the

88 4500 252 4565 parenthesis.
273 4502 324 4551 and
345 4518 368 4552 v.
393 4517 421 4550 ra
442 4517 470 4551 as
488 4502 581 4568 simply
601 4504 672 4552 reite·
724 4492 1302 4577 MSS.,butsuppliedjuatbelowsp.r3o.l.12).

172 4617 197 4664 s.
229 4603 290 4668 11.'
1194 4610 1217 4672 9
