3142 5100
271 367 293 428 6
606 376 835 427 rrruouorrus
859 375 1152 427 rrorsussrsuus
1311 361 1350 444 [1.
1372 362 1505 422 8-10

339 557 418 615 ‘uos
432 550 521 615 enim
538 550 751 634 inspicientes
766 551 813 614 iili
829 550 886 633 qui
902 550 934 614 in
952 549 1152 614 Macedonia
1163 558 1286 614 suntet
1296 546 1454 620 Achaia,
1469 556 1503 610 et

273 653 413 717 credunt
438 662 472 717 et
495 653 660 717 sustinent
683 655 957 736 persecutionem,
982 654 1215 717 erubescentes
1239 672 1282 715 ne
1305 649 1502 714 dissimiles

274 755 371 818 uobis
386 755 420 817 in
440 755 504 827 hoc
520 756 652 819 saeculo
668 756 861 819 uideantur!
907 766 940 819 et
955 756 1240 838 quemadmodum
1256 752 1388 816 formae
1404 752 1501 814 exti-

274 865 387 921 terunt
402 856 533 920 illorum
549 858 605 939 qui
622 878 740 920 senon
756 858 932 922 uiderant?

243 1027 259 1095 ς
339 1032 362 1074 a
388 1009 476 1073 nabis
500 1009 587 1073 enim
612 1009 822 1090 diffamatum
847 1019 895 1073 est
920 1009 1052 1072 uerbum
1074 1007 1215 1071 Domini
1236 1029 1299 1071 nan
1321 1006 1436 1071 solum
1463 1005 1499 1068 in

274 1111 468 1176 Macedonia
492 1122 524 1175 et
544 1111 682 1189 Achaia,
707 1112 767 1175 sed
787 1112 877 1176 etin
900 1112 991 1176 amni
1014 1113 1077 1175 loco
1092 1110 1181 1195 fides
1204 1122 1312 1174 uestra
1335 1130 1424 1193 quae
1452 1107 1503 1170 ad

274 1218 382 1284 Deum
404 1217 513 1282 uiuit.

307 1396 313 1405 ,
341 1342 498 1426 †aerbum
530 1343 595 1407 Dei
618 1343 682 1407 hoc
710 1343 742 1407 in
768 1343 842 1406 loco
866 1363 934 1407 non
957 1342 1058 1406 fidem
1085 1342 1174 1417 dicit,
1200 1362 1263 1406 nec
1288 1341 1379 1405 enim
1405 1337 1496 1402 fides
1541 1328 1542 1331 ¹

276 1449 407 1513 abillis
434 1449 563 1530 accepit
593 1448 814 1531 principium;
845 1447 921 1511 ‘sed
949 1468 1067 1510 omnes
1096 1445 1229 1530 (inquit)
1256 1455 1497 1527 cognouerunt

225 1572 264 1620 10
276 1561 403 1632 quanta
427 1571 488 1633 pro
515 1549 581 1614 fide
606 1551 696 1633 passi
723 1552 814 1627 estis
838 1560 872 1614 et
896 1571 1014 1613 omnes
1035 1548 1112 1613 fidei
1136 1559 1269 1613 uestrae
1293 1546 1495 1610 firmitatem

269 1651 446 1735 mirantur,
467 1653 513 1715 ita
536 1663 574 1716 ut
597 1662 630 1717 et
653 1650 774 1717 alteros
798 1650 1064 1716 adhortentur.*’

342 1764 376 1818 et
402 1755 627 1820 abundantius
649 1756 707 1820 illa
729 1757 803 1839 ipsa
825 1758 1064 1840 constringens,
1087 1756 1154 1821 ait:

342 1917 391 1982 ita
411 1929 530 1984 utnon
550 1942 666 1984 necesse
684 1921 860 1986 habeamus
879 1922 967 2005 loqui
987 1922 1135 2004 aliqra'd,·
1167 1922 1230 2005 ipsi
1244 1921 1330 1985 enim
1345 1921 1385 1984 de
1399 1920 1495 1984 nabis

277 2025 480 2088 adnuntiant
497 2026 624 2107 qualem
646 2026 817 2089 introitum
837 2025 1011 2089 habuimus
1035 2025 1084 2089 ad
1106 2046 1170 2099 itas,
1190 2035 1222 2088 et
1243 2025 1396 2106 quomoda
1419 2045 1494 2086 con·

226 2145 261 2212 15
279 2127 368 2192 narsi
388 2129 465 2192 estis
489 2130 537 2192 αρ’
557 2128 737 2193 Dominum
761 2152 783 2193 a
808 2130 995 2193 simulacris
1018 2129 1141 2193 seruire
1165 2128 1234 2191 Dea
1259 2128 1336 2192 uiua
1359 2139 1392 2191 ct
1415 2149 1494 2192 uero
1543 2186 1544 2217 r

277 2241 309 2294 et
336 2243 494 2313 aspectare
514 2231 630 2314 filium
659 2232 728 2295 aius
757 2233 796 2295 da
825 2233 927 2309 caelis,
952 2254 1045 2314 quem
1073 2231 1247 2295 suscitavit
1273 2252 1314 2294 ιτ
1341 2231 1492 2306 ntartnis,
1543 2238 1544 2243 ’

277 2332 394 2409 Iasum,
421 2334 481 2417 qui
500 2335 613 2417 eripiet
638 2356 695 2398 nos
719 2335 760 2399 ab
785 2336 840 2399 ira
863 2346 1011 2401 uentura.

345 2468 425 2527 ‘nec
448 2464 536 2527 enim
559 2463 747 2546 indigemus
772 2465 973 2549 ubicumque
996 2463 1155 2528 fuerimus
1178 2461 1302 2546 aliquid
1326 2461 1369 2524 de
1392 2460 1492 2524 uobis

279 2567 396 2643 dicere,
421 2587 461 2630 eo
485 2568 574 2650 quod
594 2568 729 2651 cognita
750 2578 828 2632 sunt
851 2569 1008 2631 omnibus
1033 2566 1090 2629 illa
1112 2587 1199 2649 quae
1222 2586 1300 2649 erga
1324 2586 1384 2628 uos
1396 2563 1491 2628 ‘sacta
1544 2603 1545 2626 r

225 2799 268 2846 20
344 2765 460 2851 λόγου
481 2769 616 2856 κυρίου
637 2769 775 2836 ἐνταῦθα
794 2767 832 2835 οὐ
852 2767 912 2852 ‘triv
932 2770 1048 2836 πίστιν
1068 2772 1165 2853 λέγει,
1187 2769 1225 2836 οὐ
1248 2771 1312 2856 ’γὰρ
1335 2768 1354 2851 ἡ
1376 2770 1491 2840 πίστις

280 2866 340 2935 ἀπ’
355 2868 461 2936 ου’τῶυ
475 2869 598 2951 ἔλαβεν
613 2868 672 2952 τὴν
686 2869 800 2961 ἀρχήν·
823 2869 899 2937 ἀλλ’
922 2870 994 2938 ἀντὶ
1014 2877 1073 2939 τοῦ
1095 2870 1232 2944 ‘ndures
1254 2872 1411 2956 ἔγνωσαν.
1424 2870 1489 2937 ὅσα

281 2970 363 3058 ὑπὲρ
385 2975 441 3054 τῆς
464 2973 606 3045 πίστεως
631 2973 778 3054 ἐπάθετε,
806 2973 861 3041 καὶ
884 2972 1003 3045 πάντες
1026 2973 1116 3057 ὑμῶν
1140 2973 1178 3040 τὸ
1200 2974 1342 3054 βέβαιον
1365 2974 1490 3057 danud-

283 3077 394 3156 ζουσιυ
421 3077 479 3159 τῆς
508 3075 659 3155 πίστεως,
688 3074 774 3142 ὥστε
803 3078 859 3143 καὶ
888 3076 1078 3163 προτροπὴν
1113 3077 1232 3165 ἑτέροις
1263 3075 1414 3160 γενέσθαι
1449 3077 1491 3144 τὰ

283 3175 438 3263 ὑμέτερο.’

332 3360 346 3409 5
364 3346 515 3397 defarinatum
530 3349 595 3398 CH
675 3363 703 3412 ¹3
721 3363 822 3398 nonam
837 3348 877 3398 C*
966 3363 995 3411 14
1012 3348 1169 3399 habuerimus
1183 3349 1230 3397 Cr
1310 3361 1391 3411 eosq.
1408 3348 1484 3398 CoisL

284 3443 338 3490 204,
353 3427 370 3477 f.
387 3426 457 3493 163b
469 3430 522 3492 [Cr.
536 3431 568 3480 vi.
583 3432 639 3494 348,
655 3431 696 3481 Fr.
714 3431 770 3494 145]
782 3433 905 3494 tetiupos.
935 3431 1011 3481 ἄλλος
1022 3431 1105 3492 φησίν·
1116 3432 1198 3492 λόγον,
1211 3431 1285 3479 ruri.

317 3590 340 3641 7.
373 3577 461 3640 cainit]
493 3577 643 3639 ἐξελήλυθεν.
679 3579 860 3640 SoClarom.;
910 3581 1005 3628 κούριον
1015 3578 1129 3639 γενέσθω
1144 3576 1260 3626 uisuri
1276 3577 1394 3639 κήρυγμα.
1427 3581 1488 3629 Am·

284 3658 359 3722 Vulg.
372 3658 441 3717 (Am.
453 3659 504 3706 and
517 3659 611 3719 Fuld),
629 3660 766 3723 “profecta
777 3660 841 3710 est.'’
910 3663 984 3712 brstr.
996 3661 1137 3727 appositely
1148 3660 1223 3710 refers
1234 3666 1261 3709 to
1273 3661 1348 3710 Rom.
1362 3661 1378 3709 i.
1391 3663 1413 3710 8.

316 3740 341 3787 8.
365 3737 499 3800 nanffitem
510 3738 580 3800 dicit]
601 3738 654 3787 Not
667 3739 721 3789 ‘the
735 3737 861 3789 Faith’iu
947 3758 985 3792 11.
1018 3741 1188 3802 adterimur]
1222 3742 1278 3791 The
1302 3742 1352 3791 Gk.
1377 3753 1486 3808 suggests

284 3820 327 3870 the
336 3820 452 3880 abstract,
461 3820 507 3870 but
518 3820 561 3869 the
572 3821 773 3873 Thessalonians’
785 3823 848 3874 saith
855 3841 863 3885 ;
912 3825 955 3876 the
966 3825 1079 3874 addition
1091 3823 1120 3873 oi
1129 3840 1157 3873 ιο
1173 3840 1236 3888 quae
1251 3833 1310 3887 erga
1327 3840 1370 3873 aas
1383 3834 1448 3884 sunt,
1459 3843 1488 3877 or

284 3909 328 3951 not
348 3902 391 3953 the
408 3903 521 3953 doctrine
537 3903 567 3952 oi
583 3903 626 3953 the
644 3904 748 3969 Gospel,
766 3906 811 3955 but
832 3906 863 3956 its
912 3906 1025 3966 thelike3
1036 3922 1065 3954 or
1076 3906 1118 3955 the
1129 3906 1226 3970 change
1234 3905 1264 3955 oi
1270 3906 1488 3959 adhortenturinto

284 4000 381 4034 success
400 3993 426 4034 at
445 3985 630 4035 Thessalonica.
666 3986 744 4035 Thdt.
765 3993 864 4050 repeats
912 3987 1059 4036 minutatur
1078 3987 1121 4050 (sc.
1137 3987 1203 4050 fidei
1222 4004 1248 4036 u.
1267 3988 1392 4051 firmitas)
1414 4004 1443 4037 or
1460 3991 1491 4040 oi

283 4066 334 4116 this
350 4066 485 4117 inclearer
502 4069 598 4118 wordss
614 4069 755 4127 ciuitati
772 4067 865 4116 ἐκεῖθεν
913 4069 1001 4117 alteras
1022 4067 1076 4117 into
1097 4068 1177 4117 alteri.
1218 4069 1240 4118 F
1243 4085 1271 4118 or
1292 4070 1420 4121 antonne
1439 4083 1487 4124 act.

284 4151 329 4209 τὴν
351 4149 429 4211 ἀρχὴν
448 4150 536 4212 ἔλαβεν
555 4152 584 4200 τὸ
605 4152 725 4213 κήρυγμα,
748 4148 807 4199 ἀλλ’
826 4151 864 4198 ὅτι
914 4166 955 4200 see
966 4167 992 4215 p.
1004 4169 1028 4211 4,
1041 4151 1059 4199 l.
1072 4167 1109 4210 rr,
1123 4159 1190 4202 note.

284 4230 511 4292 τούτωυὴπερὶτὰ
525 4233 579 4280 θεῖα
593 4233 712 4293 προθυμία
729 4232 863 4293 πολυθρύλ-
950 4249 988 4295 13.
1027 4234 1064 4282 ita
1090 4240 1120 4281 ut
1145 4250 1196 4283 nan
1224 4249 1316 4284 necesse
1339 4234 1404 4296 tat]
1451 4238 1487 4290 So

284 4314 356 4371 λητος
367 4313 483 4372 ’γενομένη
497 4314 603 4362 πολλοὺς
614 4315 646 4364 ets
656 4311 731 4373 ζῆλον
742 4316 785 4375 τῆς
796 4315 862 4363 etas·
914 4315 1040 4364 Ambrstr.
1060 4315 1112 4375 Qui
1126 4316 1214 4380 mitia
1230 4317 1283 4376 (τὸν
1302 4316 1431 4378 minnah
1456 4337 1485 4373 ω

283 4392 474 4454 &turiurum
511 4393 551 4444 Cf.
566 4395 676 4460 Thphm
692 4395 863 4454 τουτέστινν)
915 4396 989 4445 O.L.
1018 4395 1074 4444 The
1096 4395 1172 4461 Vulg.
1192 4396 1241 4447 less
1262 4397 1361 4460 exactly
1380 4401 1482 4464 rmders,

284 4475 339 4535 περὶ
355 4475 398 4533 τῆς
414 4475 478 4534 ὑμῶν
495 4474 580 4546 ἀρετῆς
596 4478 665 4538 φήμη
680 4477 794 4537 ἐποίησεν
810 4478 862 4536 ἐξα·
916 4476 982 4541 “qui
994 4474 1110 4540 eripuit.''
