3142 5100
107 273 143 339 ΙΙ.
156 274 196 360 6.]
353 288 394 340 ru
419 287 471 339 nr.
494 287 546 338 An
569 286 941 339 runssnuourcnusns
965 287 1001 337 11.
1251 286 1289 354 53

104 455 272 537 apostolum
300 467 332 521 et
356 478 441 521 nunc
467 457 556 540 quod
578 456 716 534 detinet,·
753 477 794 521 eo
818 458 909 539 quod
941 461 1039 521 ‘tunc
1069 456 1204 542 (inquit)
1236 458 1290 524 ille

104 556 255 635 uidebitur,
271 558 363 622 atubi
380 558 523 642 Spiritus
542 562 669 641 gratiae
684 559 728 623 ad
744 559 880 642 plenum
897 560 1069 636 destiterit,
1085 571 1120 625 et
1134 561 1290 644 perficere

103 657 324 742 inoperationes
348 664 383 726 in
404 673 521 746 aperto
548 659 708 726 cessabit?
753 663 814 726 sed
841 660 932 745 †hoc
958 664 1039 726 mihi
1065 684 1132 727 non
1159 664 1291 729 uidetur

102 780 162 824 esse
174 773 247 846 apte
261 766 397 843 dictum,
414 765 560 848 eoquod
577 774 610 827 et
624 774 838 829 cessauerunt
854 786 899 829 ex
920 765 1027 829 rnulto
1048 767 1115 830 iarn
1138 777 1290 851 tempore

101 866 326 950 inoperationes
342 871 493 954 Spiritus.
538 871 566 932 si
582 890 661 932 uero
676 870 751 952 quis
766 870 911 933 uoluerit
926 871 1034 935 dicere
1051 893 1117 935 non
1134 893 1289 951 cessasse,
1327 889 1343 957 5

102 976 229 1056 eoquod
248 984 282 1040 et
300 975 344 1038 ab
364 974 530 1057 aliquibus
548 973 658 1037 adhuc
678 994 739 1056 per
759 975 944 1037 orationem
967 974 1049 1038 fiant
1069 974 1189 1057 aliqua,
1212 975 1289 1040 licet

101 1076 123 1137 si
136 1085 166 1139 et
179 1097 266 1155 rare;
288 1077 471 1141 secundum
491 1076 593 1158 igitur
614 1073 702 1138 hunc
719 1074 858 1137 modurn
881 1095 989 1158 neque
1011 1096 1140 1139 cessare
1160 1076 1288 1154 adsero,

101 1181 239 1263 eoquod
265 1201 375 1265 neque
401 1180 542 1243 delicere
566 1180 609 1242 ad
637 1178 775 1262 plenum
803 1179 910 1243 sancti
938 1199 1098 1261 umquam
1123 1189 1289 1262 poterunt.

100 1295 182 1349 erunt
205 1287 292 1350 enirn
315 1294 350 1349 et
371 1293 452 1349 tunc
474 1285 531 1368 qui
558 1303 626 1347 non
651 1281 834 1364 suscipient
857 1283 927 1346 eius
949 1284 1147 1371 doctrinam,
1173 1285 1230 1367 qui
1255 1297 1289 1350 et

100 1386 166 1451 clari
189 1399 283 1454 erunt
311 1387 597 1470 contemplatione
622 1386 758 1468 pietatis
780 1387 991 1450 decertantes
1015 1387 1176 1453 aduersus
1202 1412 1288 1458 eum.
1307 1415 1345 1463 10

152 1566 186 1632 οὗ
211 1566 350 1635 πιθανὸν
379 1567 489 1652 ἔμουγε
519 1565 671 1655 φαίνεται
701 1568 808 1645 τοῦτο,
838 1565 910 1632 ἐπεὶ
940 1564 996 1632 καὶ
1029 1564 1216 1633 ἐπαύσαντο
1254 1569 1290 1633 ἐκ

100 1668 235 1743 πλείονος
251 1670 312 1752 ἤδη
332 1673 391 1737 τοῦ
404 1671 525 1761 χρόνου
549 1668 599 1755 [αἱ
618 1672 677 1737 τοῦ
690 1668 875 1752 πνεύματος
894 1669 1073 1756 inspuetur}
1119 1672 1149 1739 εἰ
1162 1671 1226 1760 γάρ
1240 1698 1290 1743 τις

97 1770 135 1853 μὴ
149 1774 338 1841 πεπαῦσθαι
347 1772 507 1854 βούλοιτο
517 1772 628 1859 λέγειν
639 1771 694 1839 διὰ
703 1771 741 1839 τὸ
752 1772 843 1859 παρά
856 1799 956 1840 τινων
972 1773 1083 1860 [κατὰ]
1097 1773 1290 1865 προσευχὴν

97 1876 231 1959 γίνεσθαι
246 1879 333 1947 κατὰ
350 1878 389 1945 τί
410 1878 553 1946 σπάνιον
575 1876 653 1958 ἔνια,
676 1877 749 1945 οὐδὲ
771 1877 981 1960 παυθήσεται
1001 1877 1089 1944 κατά
1110 1906 1149 1962 γε
1173 1885 1290 1948 τοῦτον

98 1978 146 2044 τὸν
164 1981 291 2069 τρόπον,
321 1981 393 2049 ἐπεὶ
421 1979 503 2066 μηδὲ
535 1980 720 2047 ἐπιλείπειν
749 1980 859 2061 πάντη
889 1978 963 2050 τοὺς
992 1979 1104 2062 ἁγίους
1141 1980 1209 2049 οἶόν
1244 2008 1290 2063 re,
1307 2005 1343 2074 ις

97 2082 241 2167 ἐσομένων
264 2086 321 2152 καὶ
345 2084 419 2154 τότε
442 2091 507 2153 τῶν
530 2084 567 2152 οὐ
591 2080 814 2172 προσιεμένων
833 2084 894 2165 τὴν
917 2083 1039 2152 ἐκείνου
1062 2084 1290 2168 διδασκαλίαν,

97 2186 126 2253 οῗ
152 2189 204 2261 καὶ
227 2190 481 2280 διαλάμψουσιν
504 2192 539 2258 ἐν
564 2194 633 2261 τοῖς
656 2189 739 2280 ὑπὲρ
763 2190 935 2272 εὐσεβείας
958 2190 1095 2276 ἀγῶσιν.
1138 2191 1229 2277 λέγει
1255 2193 1290 2261 δὲ

138 2379 151 2414 a
171 2364 246 2414 adubi
260 2363 294 2415 θ’
328 2362 373 2412 ubi
386 2360 493 2427 C(corr)
613 2382 630 2426 4
652 2368 727 2411 etam
741 2357 847 2425 Cicurr)
969 2361 1020 2425 5si
1033 2362 1088 2426 quis
1100 2378 1159 2412 uero
1171 2363 1296 2414 uoluitH

96 2459 108 2506 7
123 2445 161 2497 fiet
172 2449 226 2512 (sor
235 2448 257 2498 si
266 2446 301 2512 et)
316 2448 340 2499 C
352 2445 357 2513 Ι
371 2463 426 2497 raro
440 2444 546 2517 Mem)
559 2444 565 2512 1
578 2462 627 2497 sec.
638 2446 705 2497 hunc
716 2444 827 2511 igiturC
934 2446 949 2495 8
966 2446 1093 2510 potuerint
1105 2443 1148 2495 H·
1182 2448 1291 2511 poterint

95 2528 121 2576 H
135 2524 202 2594 (corr)
327 2536 431 2596 perant
450 2526 486 2579 C*
604 2541 633 2577 ro
650 2526 799 2578 decertantis
818 2524 854 2576 C'
972 2541 998 2576 11
1019 2527 1291 2591 Cois1.204‚f.182a

95 2608 142 2670 [Cr.
158 2612 190 2659 vi.
207 2613 288 2676 388-9,
308 2612 351 2662 Fr.
374 2611 459 2675 147·8]
475 2609 612 2673 σενηριανίς
629 2612 655 2660 δὲ
668 2608 696 2659 τὸ
713 2611 818 2670 κατέχον
838 2609 912 2670 φησὶν
930 2609 975 2666 τὴν
997 2605 1042 2657 τοῦ
1063 2608 1133 2669 ἁγίου
1155 2612 1292 2669 πνεύματος

95 2691 166 2754 χάριν.
206 2691 318 2756 θεόδινρος
341 2694 368 2741 δὲ
391 2692 475 2754 ὁμοίως1
496 2692 532 2752 τῷ
549 2692 660 2752 μακαρίῳ
680 2687 766 2751 lordum
786 2691 878 2747 ταύτην
900 2690 929 2737 οὐ
950 2690 1076 2752 προσίεται
1098 2690 1143 2748 τὴν
1166 2691 1291 2752 ἐξήγησιν,

97 2773 194 2833 φάσκον·
205 2775 233 2827 σί
243 2771 355 2832 πιθανόν,
367 2779 440 2826 καλ.
513 2788 541 2824 12
559 2775 585 2822 al
595 2792 616 2822 τ.
629 2790 669 2821 πν.
681 2774 706 2820 ἐν
717 2787 766 2821 om.
781 2770 838 2820 cod.
852 2771 909 2820 edd.
978 2787 1007 2836 13
1025 2772 1089 2821 κατὰ
1099 2787 1149 2822 om.
1163 2772 1218 2821 cod.
1232 2773 1290 2822 edd.

96 2922 134 2974 the
150 2925 218 2975 mind
234 2925 263 2975 oi
279 2924 360 2975 either
370 2924 448 2974 Thdt.
462 2939 491 2973 or
502 2923 551 2972 Th.
585 2922 662 2971 Later
712 2919 804 2978 ταύτην
826 2917 882 2980 [τὴν
913 2921 1094 2983 κεφαλαλγίαν]
1119 2918 1132 2970 ί
1160 2921 1292 2985 Μαρουθιῖε

96 3015 286 3069 commenmtom,
305 3006 369 3057 both
384 3007 435 3056 Gk.
452 3007 503 3055 and
523 3005 606 3061 Latin,
624 3019 662 3054 re·
712 3002 814 3063 εῠχαΐς
826 2998 995 3064 ἐθεράπευσεν·
1014 3003 1098 3067 infra:
1115 3005 1216 3063 δαίμονα
1227 3003 1291 3067 α’πή·

96 3089 177 3138 turned
193 3097 220 3138 to
235 3088 277 3138 the
293 3087 395 3137 ancient
405 3085 595 3151 interpretation
606 3099 661 3149 pre·
711 3086 796 3132 λοσαν
819 3084 940 3142 νηστείαις
963 3085 1004 3132 καὶ
1027 3086 1176 3146 προσευχαῖς
1197 3086 1290 3147 σχολά-

96 3165 397 3231 ierredbyChrysostom.
712 3181 811 3213 σαντες.
844 3164 936 3229 Comp.
956 3165 1000 3218 the
1024 3173 1216 3230 contemporary
1242 3175 1290 3217 tes·

126 3261 147 3296 1.
177 3254 200 3296 ct
205 3263 273 3296 num
280 3245 348 3310 quod
352 3243 390 3304 d·]
407 3242 462 3291 The
470 3241 552 3291 words
560 3247 583 3290 cl
594 3255 662 3289 nunc
712 3245 845 3309 timonyoi
854 3246 881 3295 S.
894 3248 1035 3310 Augustine
1046 3247 1083 3311 (de
1091 3248 1158 3299 cinit.
1170 3249 1221 3298 Dei
1231 3249 1289 3298 xxii.

94 3326 148 3377 ltere
162 3328 209 3377 und
224 3343 294 3377 nunc
308 3325 345 3389 (ρ.
358 3338 398 3387 54,
410 3322 437 3372 ll·
453 3336 474 3379 Ι,
487 3322 511 3384 4)
527 3335 620 3385 appesss
634 3329 661 3368 t0
697 3330 750 3389 ·8):
771 3329 874 3378 “etiam
890 3344 957 3377 nunc
975 3329 1038 3377 fiunt
1055 3329 1175 3378 miracula
1193 3330 1219 3378 in
1237 3331 1290 3380 eius

94 3407 153 3459 haue
162 3410 224 3459 been
237 3408 347 3459 inserted
362 3406 396 3469 by
407 3405 449 3454 the
465 3402 596 3453 translator
601 3420 610 3463 3
627 3403 657 3453 cf.
712 3408 756 3469 [sc.
772 3408 876 3470 Christi]
889 3409 999 3468 nomine,
1011 3409 1063 3459 siue
1079 3425 1124 3474 per
1135 3419 1291 3460 sacramenta

96 3492 203 3552 theGlc,
215 3511 239 3558 p.
252 3507 293 3557 54,
305 3493 334 3542 ll·
349 3506 387 3554 15.
404 3491 441 3539 18.
711 3490 772 3550 eius,
786 3490 839 3539 siue
856 3507 912 3554 per
929 3489 1115 3540 orationes.'’

124 3595 148 3637 4.
178 3592 231 3625 cess.
252 3591 282 3625 ex
304 3573 383 3622 multo
403 3573 454 3620 iam
470 3577 581 3634 tenpore,
604 3567 660 3629 δια]
745 3573 864 3621 Rabanus
874 3569 971 3635 (seevv.
979 3573 1018 3632 ll.)
1030 3573 1106 3622 omits
1114 3573 1163 3623 this
1174 3589 1286 3639 passage,

96 3655 194 3720 Chrys:
220 3659 259 3707 καί
286 3657 336 3718 γὰρ
358 3654 435 3702 πάλαι
462 3651 604 3701 ἐκλέλοιπεν
628 3651 661 3699 τὰ
713 3653 835 3718 probably
849 3652 887 3702 for
903 3655 946 3703 the
963 3669 1049 3703 reason
1070 3655 1172 3718 pointed
1190 3664 1234 3704 out
1256 3656 1290 3720 by

96 3740 229 3799 χαρίσματα
241 3738 292 3802 (see
303 3738 350 3786 last
361 3735 438 3795 note).
459 3735 510 3783 For
521 3734 564 3784 the
576 3733 663 3783 earlier
713 3736 752 3784 Dr
764 3735 866 3799 Jacobi:
887 3735 904 3761 ‘⁴
912 3749 976 3800 qnae
993 3736 1069 3784 uerba
1082 3737 1122 3796 R,
1138 3737 1206 3787 cuius
1222 3747 1291 3788 aetas

97 3820 207 3869 evidence
230 3837 263 3870 on
285 3820 335 3868 this
354 3818 450 3882 subject
472 3816 504 3866 cl.
521 3817 604 3881 Justin
624 3818 661 3865 Μ.
713 3824 738 3866 et
756 3817 902 3867 credulitate
921 3827 946 3867 et
965 3817 1028 3866 fictis
1050 3818 1175 3869 miraculis
1197 3822 1290 3880 horret,

95 3900 157 3963 apol.
179 3901 203 3950 ii.
228 3900 250 3962 6,
283 3900 374 3963 Tryph.
400 3913 447 3963 393
482 3899 546 3947 Iren.
577 3898 603 3946 ii.
630 3909 659 3960 31
713 3899 820 3964 recipere
832 3915 905 3948 ausus
917 3915 967 3948 non
979 3908 1023 3948 est.
1032 3898 1046 3921 ”

97 3982 150 4040 52,
168 3997 194 4045 3²
215 3983 276 4045 §43
301 3981 371 4030 Tert
390 3981 452 4044 apol.
475 3993 520 4042 373
547 3977 618 4042 Orig.
641 3994 661 4026 c.
745 3980 770 4030 6.
803 3982 898 4042 [ἐστίν]
932 3981 971 4030 Ci.
986 3995 1038 4046 1.p.
1053 3984 1138 4039 roal.
1154 3986 1190 4044 18,
1205 3993 1272 4033 nole.

99 4062 182 4114 Celei.
197 4082 218 4124 ι,
232 4064 278 4125 46;
295 4065 356 4114 Eus-
371 4063 446 4111 M.
461 4062 493 4110 vi.
507 4078 530 4128 9.
560 4062 663 4124 Among
749 4078 786 4113 ιο.
820 4066 1019 4127 cmttentplatrbrte
1043 4068 1152 4129 pe'elalr's]
1191 4068 1231 4117 To
1259 4069 1291 4117 be

97 4147 138 4196 the
162 4147 207 4198 few
228 4148 342 4198 miracles
367 4145 480 4207 wrought
508 4145 596 4194 within
622 4145 662 4194 his
714 4145 852 4192 connected
869 4145 928 4193 with
949 4145 1099 4204 decertantes,
1125 4163 1152 4195 as
1172 4147 1216 4200 the
1238 4148 1288 4198 Gk.

98 4244 152 4278 own
171 4246 277 4296 mernory
294 4237 343 4294 per
360 4228 502 4287 orananem,
528 4226 664 4276 'lirendore
713 4226 1290 4294 shews—“whoalsoshnlldistinguishthem·

99 4323 153 4371 may
173 4310 233 4360 have
259 4308 377 4359 included
399 4307 470 4356 those
496 4306 608 4355 ascribed
637 4313 663 4354 to
713 4308 793 4358 selvcs
804 4309 830 4357 in
839 4308 882 4358 the
893 4311 1002 4375 struggle
1011 4311 1049 4361 lor
1058 4311 1100 4363 the
1109 4312 1183 4362 Faitlr
1193 4313 1291 4377 against

101 4390 126 4440 S.
139 4391 259 4444 Mandas
275 4391 305 4441 oi
322 4390 423 4456 Tigrin
440 4389 471 4439 ci,
491 4388 561 4439 Soet.
578 4388 620 4440 vii
633 4390 661 4439 8:
714 4389 757 4440 the
769 4389 934 4441 Antichrist.”
