3142 5100
294 398 358 466 334
771 394 964 447 mannum
986 395 1018 446 a

292 572 367 633 bant
386 568 533 646 notitiam,
557 570 763 633 detrahebant.
805 568 970 632 nouissime
992 589 1065 632 uero
1081 568 1113 631 in
1129 571 1210 631 hanc
1226 569 1373 648 dogmatis
1389 567 1489 630 excidit

294 668 460 730 nouitatem
480 688 541 747 qua
560 668 673 730 diceret
694 669 777 747 quod
796 666 828 729 in
844 666 887 730 ira
902 679 993 746 atque
1011 670 1109 730 furore
1130 671 1213 729 Deus
1230 670 1329 729 Adam
1345 668 1488 730 mortalem

294 785 361 828 esse
373 766 564 844 praeceperit,
579 777 610 827 et
623 776 747 844 propter
759 765 824 827 eius
837 786 933 827 unum
948 765 1091 828 delictum
1110 776 1247 838 cunctos,
1261 763 1352 825 etiam
1370 765 1488 825 necdum

294 875 381 926 natos
401 864 549 939 homines,
570 876 666 926 morte
687 863 885 927 mulctauerit
928 865 972 926 sic
992 876 1091 926 autem
1119 864 1277 942 disputans
1303 884 1363 925 non
1384 873 1490 924 ueretm

263 975 279 1037 5
294 981 351 1023 nec
368 963 563 1024 confunditur
579 983 616 1025 ea
632 962 742 1026 sentire
760 964 801 1024 de
821 965 890 1025 Deo
903 983 982 1041 quae
995 983 1053 1025 nec
1066 964 1105 1024 de
1119 962 1293 1024 hominibus
1306 982 1409 1024 sanum
1422 960 1490 1037 sapi·

293 1059 412 1120 entibus
436 1070 466 1122 et
487 1061 619 1139 aliquam
642 1059 772 1123 iustitiae
790 1080 893 1122 curam
911 1061 1082 1140 gerentibus
1100 1082 1244 1140 umquam
1263 1061 1329 1139 quis
1347 1059 1491 1121 aestimare

294 1157 460 1234 temptauit
503 1159 558 1220 sed
572 1177 629 1220 nec
641 1157 720 1219 illius
737 1158 859 1220 diuinae
876 1158 962 1221 uocis
980 1160 1152 1222 recordatus
1166 1172 1212 1221 est
1230 1160 1312 1236 quod
1334 1163 1407 1219 ‘non
1422 1156 1493 1217 dice
1551 1165 1552 1226 l

293 1266 375 1316 retur
400 1255 524 1318 ulterius
550 1256 608 1317 ista
635 1257 778 1334 parabola
804 1255 837 1317 in
865 1258 973 1318 Israel:
1007 1269 1107 1335 patres
1128 1259 1386 1318 manducauerunt
1410 1273 1491 1316 uuam

294 1354 443 1426 acerbam,
465 1365 495 1415 et
515 1352 642 1416 filiorum
669 1355 776 1415 dentes
804 1355 1041 1433 obstupuerunt3
1076 1356 1148 1433 quia
1174 1357 1251 1416 haec
1281 1352 1355 1415 dicit
1382 1350 1493 1414 Adonai
1551 1367 1552 1448 l

244 1467 282 1508 10
295 1451 450 1526 dominus3
470 1453 577 1514 dentes
599 1472 703 1514 eorum
726 1452 780 1531 qui
801 1454 1058 1515 manducauerunt
1079 1473 1171 1514 uuam
1189 1455 1330 1514 acerbam
1349 1455 1493 1528 obstupeo
1551 1459 1552 1524 l

294 1549 409 1610 cent*.'
451 1551 615 1611 ostendens
631 1569 686 1628 per
705 1550 782 1611 haec
795 1550 880 1627 quod
894 1552 1020 1611 alterum
1034 1570 1089 1628 pro
1103 1551 1205 1624 altero,
1220 1548 1303 1611 iuxta
1315 1549 1492 1627 quorundam

295 1665 432 1720 errorem,
453 1648 538 1707 Deus
558 1645 683 1708 omnino
704 1666 767 1707 non
789 1645 902 1725 puniat,
926 1648 980 1708 sed
1002 1646 1207 1725 unusquisque
1231 1667 1286 1725 pro
1308 1645 1422 1708 delictis
1441 1641 1493 1704 suis

293 1742 463 1805 redditurus
478 1753 523 1804 est
539 1742 694 1804 rationem.
736 1742 783 1802 his
805 1762 941 1804 consona
955 1743 1061 1805 beatus
1082 1762 1204 1822 quoque
1223 1745 1334 1803 Paulus
1354 1738 1493 1803 adnectit:

296 1841 380 1901 Deus
393 1841 515 1921 (inquit)
529 1845 582 1919 qui
594 1843 691 1902 reddet
704 1844 858 1920 unz'cut'w
868 1843 1019 1903 secundum
1033 1852 1118 1921 opera
1131 1848 1210 1916 sua†
1218 1865 1227 1918 3
1248 1854 1293 1902 et:
1314 1841 1496 1917 numquisqut
1551 1861 1552 1922 l

245 1952 279 2014 15
294 1947 424 1997 nostrum
444 1959 516 1999 onus
533 1959 618 1998 suum
636 1939 770 2015 portabit
777 1938 805 2016 ‡;
832 1949 875 1999 et:
899 1947 932 1998 tu
945 1940 1020 2015 quid
1029 1939 1140 1998 iudicas
1147 1939 1283 2015 fratrem
1296 1945 1389 2008 tuum,
1403 1941 1493 1996 auttu

292 2053 383 2111 quare
409 2039 521 2112 spernis
540 2037 671 2112 fratrem
699 2039 802 2096 mum?
841 2055 935 2096 amm
964 2038 1049 2096 enim'
1071 2038 1249 2097 adstabimus
1279 2044 1348 2095 ante
1374 2032 1497 2094 talanat
1551 2069 1552 2160 ἢ

299 2132 435 2208 Christi&
479 2134 532 2194 sed
556 2132 602 2194 uir
624 2132 766 2193 mirabilis
788 2144 910 2211 propter
929 2133 1018 2193 unius
1033 2144 1192 2211 peccatum
1206 2134 1295 2194 Adae
1308 2142 1392 2193 tauto
1406 2133 1494 2190 furore
1551 2163 1552 2240 ἢ

293 2241 480 2291 commotum
507 2229 664 2291 arbitratus
693 2240 739 2291 est
773 2232 883 2303 Deum,
911 2240 944 2290 ut
975 2241 1005 2291 et
1037 2229 1120 2291 illum
1152 2228 1355 2290 atrocissimae
1387 2246 1494 2306 poenae
1551 2251 1552 2312 l

294 2329 435 2389 subderet
458 2339 489 2389 et
511 2329 550 2389 ad
570 2327 726 2388 uniuersos
747 2345 853 2388 omnes
873 2338 1008 2404 posteros
1029 2328 1092 2388 eius
1113 2346 1215 2404 parem
1237 2326 1414 2387 sententiam
1435 2343 1493 2402 pro
1551 2315 1552 2400 l

242 2443 281 2484 an
294 2426 448 2502 mulgaret,
471 2423 549 2486 inter
576 2444 653 2503 quos
680 2424 785 2503 quanti
812 2423 883 2485 iusti
909 2423 1019 2485 luerint
1044 2444 1107 2485 non
1135 2423 1222 2485 facile
1254 2443 1408 2484 numerare
1434 2420 1493 2499 quis
1551 2431 1552 2488 l

293 2522 410 2602 poterit
452 2542 491 2585 ex
514 2522 624 2602 quibus
648 2542 718 2585 eum
741 2521 872 2584 maxime
895 2522 1083 2585 considerare
1102 2533 1295 2593 conuenerat,
1314 2522 1394 2599 quod
1412 2519 1493 2581 ualde

293 2621 443 2683 uideretur
461 2621 658 2700 incongruum
677 2623 747 2682 Noe
767 2622 920 2681 Abraham
942 2620 1044 2681 David
1060 2624 1199 2698 Moysem
1218 2634 1249 2684 et
1266 2622 1395 2702 reliquos
1415 2620 1494 2681 innu-

293 2720 450 2782 merabiles
474 2720 568 2782 iustos
590 2720 737 2782 obnoxios
759 2739 876 2797 poenae
894 2718 1026 2781 redditos
1046 2723 1087 2781 ob
1106 2719 1169 2781 eius
1191 2719 1343 2795 delictum,
1364 2731 1394 2782 et
1408 2738 1493 2781 unum
1551 2718 1552 2787 l

293 2829 386 2897 atque
401 2838 440 2880 ex
458 2829 547 2897 gustu
567 2819 678 2880 arboris
698 2818 900 2896 adprobatum
905 2838 915 2892 ;
936 2829 966 2879 et
987 2818 1069 2896 quod
1083 2817 1127 2879 sic
1143 2820 1221 2879 ultra
1237 2820 1362 2881 modum
1375 2816 1494 2879 iustitiae
1551 2812 1552 2907 ᾗ

242 2935 258 2976 a
262 2930 278 2993 5
292 2916 367 2978 iram
382 2938 466 2980 suam
482 2921 567 2981 Deus
581 2917 748 2980 extenderit
761 2917 804 2979 ita
821 2929 855 2980 ut
873 2930 919 2979 tot
932 2917 1076 2979 iustorum
1090 2917 1215 2979 uirtutes
1229 2929 1352 2980 cunctas
1365 2916 1492 2988 abiceret,
1551 2958 1552 2989 r

293 3036 405 3096 eosque
419 3028 542 3096 propter
554 3017 641 3078 unius
654 3028 814 3095 peccatum
829 3016 914 3078 Adae
927 3025 1012 3076 tanto
1026 3015 1175 3093 supplicio
1190 3015 1381 3094 manciparet
1551 3002 1552 3073 ?

355 3133 426 3174 nam
443 3114 498 3176 etsi
512 3113 588 3174 nibil
601 3112 692 3188 aliud
707 3114 813 3175 saltem
827 3113 866 3174 de
880 3112 960 3174 Abel
973 3123 1075 3174 mente
1088 3114 1278 3191 perpendens
1291 3110 1494 3174 conuenienter

293 3211 450 3273 aestimare
478 3212 631 3285 debuerat,
652 3210 703 3288 qui
730 3209 843 3289 primus
870 3209 965 3269 iustus
992 3209 1121 3271 existens
1148 3209 1262 3288 primus
1290 3219 1420 3271 mortuus
1444 3218 1492 3267 est

294 3318 325 3369 et
348 3308 497 3386 siquidem
520 3320 647 3370 mortem
670 3308 755 3368 Deus
778 3316 922 3367 statuerat
945 3306 986 3366 ad
1007 3325 1139 3384 poenam
1162 3305 1329 3380 hominum,
1349 3302 1492 3383 quomodo
1551 3306 1552 3371 l

243 3422 282 3479 30
295 3425 357 3466 non
376 3405 537 3485 impietatis
554 3418 616 3467 erat
633 3416 782 3466 extremae
801 3404 902 3464 uiuere
916 3403 1039 3482 quidem
1053 3424 1124 3465 eum
1138 3403 1191 3482 qui
1204 3402 1260 3464 suit
1274 3423 1366 3464 <ausa
1377 3399 1491 3481 peccati,

295 3504 396 3564 uiuere
423 3503 513 3565 etiam
540 3522 610 3563 cum
637 3501 689 3563 illo
716 3512 747 3562 et
776 3504 875 3561 Euam
908 3499 1041 3563 malitiae
1067 3499 1491 3579 repertricem—praetermitto
1551 3496 1552 3577 l

294 3611 395 3662 autem
414 3601 570 3663 diabolum
584 3599 615 3660 in
630 3596 843 3660 inmortalitate
859 3599 1005 3659 hactenus
1027 3597 1409 3676 perdurantem--primmn
1427 3612 1491 3655 uero
1551 3604 1552 3631 ³

294 3699 403 3761 iustum
417 3711 657 3779 repertoremque
671 3696 796 3770 uirtutis,
810 3695 1000 3775 primumque
1014 3696 1108 3758 diuini
1121 3698 1219 3757 cultus
1232 3716 1334 3757 curam
1352 3705 1490 3775 gerentem
1551 3720 1552 3771 3

295 3812 365 3863 ante
393 3820 499 3862 omnes
521 3819 619 3878 paene
642 3797 831 3877 peccantium
860 3795 952 3858 fuisse
979 3797 1167 3874 perculsum?
1216 3795 1376 3873 oportebat
1400 3802 1491 3853 autem
1551 3786 1552 3789 ’

241 3919 279 3980 35
295 3898 547 3979 sapientissimum
560 3895 657 3956 uirum
674 3907 704 3956 et
726 3895 766 3955 de
786 3894 894 3955 Enoch
911 3893 963 3970 qui
983 3912 1047 3953 non
1061 3902 1106 3953 est
1120 3904 1256 3953 mortuus
1278 3891 1432 3969 diligenter
1450 3907 1491 3949 ex·
1551 3960 1552 3963 Ἴ

294 3999 442 4077 pendere;
462 4015 524 4058 non
548 3993 629 4056 enim
650 4003 735 4055 tanta
756 3989 864 4053 uirtute
884 3991 935 4051 uel
955 3988 1067 4068 pietate
1087 3990 1241 4068 praeditus
1263 3989 1320 4050 fuit
1344 4000 1378 4048 ut
1397 3985 1491 4047 melior
1551 4068 1552 4083 χ

342 4168 585 4232 6aestimaretlsor
594 4166 800 4230 aest.tempt.)n
895 4179 925 4215 ιο
941 4162 1176 4227 manducauerintg
1260 4174 1289 4225 ¹7
1309 4161 1343 4212 de
1354 4160 1410 4225 (sm
1418 4157 1490 4217 Adae)
1551 4133 1552 4157 ¹

294 4248 822 4317 bzomgrldaeDeum(omD.insra)n
957 4260 1116 4313 34poenag

359 4418 374 4446 '
391 4419 480 4485 [Eaelr.
491 4419 560 4470 xviii.
575 4433 598 4480 a,
613 4433 637 4482 3.
657 4419 750 4484 Jerem.
764 4416 833 4467 xxxi.
845 4415 896 4479 3⁰]-
993 4413 1012 4467 t
1028 4414 1103 4463 Rom
1115 4413 1143 4462 ii.
1154 4411 1178 4462 6.
1258 4415 1276 4471 ss
1293 4411 1350 4462 Gal
1364 4412 1397 4461 ri.
1409 4423 1431 4472 5.

779 4501 794 4559 ξ
812 4500 886 4550 Rom.
900 4496 948 4546 xiv.
964 4512 1000 4548 10.
