3142 5100
285 429 345 494 182
595 437 852 497 ¹strnononus
874 441 1169 498 uorsussrnuus
1317 463 1320 466 ·
1349 431 1418 517 [Vt.
1435 448 1475 498 ιι.

339 619 435 697 ‘erga
445 610 510 679 ista
523 613 783 680 sollicitudinem
800 614 933 700 (inquit)
949 613 1162 699 expendere.¹
1175 625 1211 682 et
1224 619 1384 701 quoniam
1397 617 1477 684 labor

281 727 332 784 est
347 720 552 784 necessarius
570 719 637 783 illis
650 720 709 803 qui
723 721 883 786 uirtutem
898 721 1022 804 exequi
1037 721 1242 799 adnituntur,
1258 721 1398 788 adiecit:

345 905 431 962 certa
445 895 562 963 bonum
576 906 734 988 certamen
739 897 835 983 fidei.

347 1025 531 1090 necessarie
557 1026 660 1092 adicit
685 1029 803 1094 bonum
826 1039 984 1093 certamen
1008 1028 1062 1094 uel
1089 1049 1244 1112 agonem,
1271 1036 1311 1092 ut
1330 1026 1478 1093 hocloco

250 1139 265 1205 5
281 1127 334 1194 uel
350 1128 500 1192 maxime
520 1131 677 1196 ostendat
696 1132 788 1215 quod
809 1134 1012 1197 necessarius
1030 1133 1075 1196 sit
1097 1131 1193 1195 labor
1211 1131 1339 1196 talibus
1357 1132 1412 1215 qui
1426 1151 1478 1214 pro

281 1232 396 1297 multis
423 1233 627 1317 expenditur
645 1234 751 1301 bonis.
795 1236 918 1302 deinde
941 1234 1065 1302 laboris
1092 1237 1197 1321 ipsius
1220 1238 1312 1303 lucra
1339 1237 1478 1321 pandens

280 1337 420 1402 adiecit:

345 1507 542 1592 adprehende
556 1508 691 1594 (inquit)
707 1509 816 1574 uitam
829 1519 1002 1574 aeternam.

346 1638 585 1703 ‘certaminum
603 1645 716 1702 autem
737 1638 791 1703 uel
814 1658 961 1721 agonum
977 1636 1097 1702 honrm
1119 1658 1245 1702 merces
1265 1638 1341 1703 uita
1356 1646 1482 1704 aeterna

229 1757 268 1804 10
280 1740 350 1804 est!
383 1741 504 1824 quibus
518 1741 642 1824 poterit
657 1760 733 1805 eam
750 1741 890 1826 adsequi
905 1751 940 1806 et
954 1742 1100 1806 suadens
1115 1743 1146 1806 ei
1160 1751 1198 1808 ut
1213 1743 1326 1808 dehis
1341 1743 1482 1809 studiose

280 1855 380 1929 agat:

345 2009 380 2073 in
395 2029 460 2092 qua
478 2008 552 2093 (ait)
567 2020 698 2075 uocatus
711 2031 744 2075 es
757 2020 791 2075 et
801 2010 991 2096 con[fessas
1004 2033 1036 2075 es
1050 2012 1167 2078 bonam
1180 2009 1249 2094 con]
1252 2009 1441 2093 sessionum.

347 2140 409 2203 ‘ob
432 2138 519 2205 hanc
543 2141 632 2204 enim
656 2148 691 2205 et
715 2142 885 2207 credidisti
912 2141 990 2226 (hoc
1016 2143 1105 2207 enirn
1129 2142 1211 2206 dicit
1234 2141 1407 2225 uocatus);
1444 2138 1485 2203 ob

278 2241 366 2306 hanc
381 2243 591 2307 uocationem
607 2243 778 2309 confessus
794 2265 830 2309 es
845 2246 1058 2329 pietatem-³
1074 2256 1112 2310 ut
1126 2246 1217 2328 dicat
1232 2247 1397 2328 quoniam
1414 2251 1487 2328 ‘pro

226 2367 262 2434 15
279 2349 341 2413 hac
365 2369 483 2432 passus
510 2345 563 2410 es’
608 2367 687 2411 nam
712 2348 804 2432 quod
831 2349 920 2413 dixit
941 2341 1168 2431 confessuros,
1187 2349 1252 2413 hoc
1275 2359 1338 2427 est,
1355 2356 1487 2432 ‘passus

278 2456 333 2519 es'
357 2454 446 2518 dicit
490 2452 580 2516 unde
600 2459 635 2514 et
653 2451 730 2534 plus
751 2473 828 2516 eum
849 2452 1032 2516 adhortans
1052 2460 1090 2517 ut
1109 2472 1170 2536 pro
1187 2452 1279 2517 hisce
1300 2453 1404 2517 rebus
1422 2471 1488 2515 sus-

277 2561 383 2624 tineat
399 2559 559 2635 laborem,
573 2558 697 2623 adiecit
712 2583 720 2623 ε

328 2746 432 2796 1istam
442 2746 478 2795 H
485 2742 489 2811 Ι
504 2744 654 2811 expendeC
665 2746 768 2807 (σοφήν
913 2745 1048 2796 nuinntes
1059 2743 1173 2811 θῇσιν)
1187 2743 1192 2806 Ι
1206 2746 1322 2797 adicitC
1475 2764 1491 2808 4

276 2826 416 2876 necessario
429 2827 452 2875 C
552 2822 562 2835 '
580 2837 594 2889 5
613 2825 722 2875 ostendit
732 2840 749 2876 r
884 2825 901 2875 6
916 2824 990 2876 labiis
1001 2826 1059 2890 (sor
1067 2825 1169 2887 laboris)
1181 2826 1216 2875 H
1349 2839 1365 2891 7
1383 2827 1463 2877 adicit
1475 2826 1497 2876 C

238 2970 242 2979 .
279 2924 310 2958 ιο
326 2907 626 2973 enmedsequiomCH
757 2906 1494 2972 inagitlforaitlc*loonieesusesbonamomcllr

280 3006 309 3053 13
326 2991 353 3038 in
363 3005 414 3054 qua
424 3006 448 3039 u
463 3004 490 3038 es
501 2996 526 3040 et
537 2987 665 3038 consessus
675 2986 702 3036 b.
714 2988 896 3038 consessionem
908 2987 957 3052 (ast
970 2988 1084 3049 uocatus)
1098 2988 1150 3037 add
1161 3004 1179 3038 r
1316 3004 1346 3053 15
1365 2996 1498 3057 quotquot

278 3071 337 3137 (jer
345 3072 424 3137 quod)
438 3071 460 3121 C
463 3070 478 3095 '
562 3070 592 3122 16
608 3071 744 3121 adhorteris
756 3068 804 3120 H*
889 3082 918 3133 17
934 3069 1013 3120 adicit
1027 3070 1049 3121 C
1058 3085 1075 3118 r

312 3253 334 3289 ι.
361 3237 503 3303 expendere]
536 3237 585 3288 See
604 3252 646 3287 vr.
663 3237 700 3295 11..
717 3235 818 3287 andcl.
835 3249 856 3287 1.
906 3236 984 3287 MSS.
998 3234 1163 3301 areagainet
1174 3234 1305 3298 inolt3ei.
1316 3237 1344 3289 11.
1361 3252 1404 3300 14,
1421 3252 1462 3304 15.

277 3336 303 3385 p.
316 3334 371 3384 307,
385 3320 404 3369 l.
419 3334 440 3379 1,
454 3327 522 3370 note.
942 3333 980 3382 13·
1008 3318 1169 3368 hocenimd.
1189 3318 1330 3381 tuocarus']
1365 3322 1497 3372 SoOeet

309 3420 335 3464 4.
370 3409 493 3450 certamen
507 3401 550 3449 uel
563 3400 676 3466 aman]
717 3399 759 3451 Cl.
776 3400 855 3465 infra,
907 3400 1062 3462 τᾶιγὰρεὶι
1077 3400 1363 3468 βάπτισμαὶρχόμειος,
1386 3404 1424 3452 ele
1440 3404 1499 3451 rub-

277 3483 295 3533 l.
313 3496 337 3543 9,
356 3482 407 3531 and
424 3498 459 3531 on
478 3498 492 3531 n
512 3482 579 3534 Tim.
599 3482 625 3533 ii.
644 3497 679 3547 53
699 3483 750 3532 end
769 3498 812 3532 see
835 3494 853 3534 1.
906 3499 952 3541 την
968 3479 1024 3544 [τὴν
1039 3480 1134 3531 αἰώνιον
1148 3478 1220 3544 ζωὴν]
1232 3483 1351 3533 καλεῖται.
1393 3485 1438 3536 Cf.
1457 3501 1499 3535 ar·

277 3581 303 3630 p.
318 3567 373 3624 282,
387 3566 405 3613 l.
419 3576 440 3624 7,
455 3572 523 3614 note.
902 3571 953 3628 pra
964 3580 998 3614 on
1011 3564 1076 3613 Phil.
1087 3564 1123 3613 iii.
1138 3578 1176 3628 14,
1193 3580 1203 3614 1
1216 3565 1285 3614 Tim.
1297 3565 1333 3615 iii.
1344 3563 1372 3614 6.

314 3662 351 3695 ιο.
379 3645 566 3710 ᾳοίόαιρ.ιοαι
578 3643 688 3709 adseqm]
716 3645 788 3695 Even
796 3644 858 3694 with
942 3661 980 3708 14.
1002 3645 1249 3709 prohocpasmses]
1282 3646 1319 3696 So
1329 3645 1437 3711 Thpht.
1450 3646 1503 3711 (ile

277 3729 322 3779 the
332 3729 447 3778 addition
459 3728 532 3792 (from
547 3727 623 3793 Rab.)
639 3729 669 3778 ot‘
681 3729 724 3778 the
741 3730 788 3778 last
806 3737 857 3779 two
906 3723 1012 3775 ἐνταῦθα
1026 3724 1099 3775 αὐτοῦ
1114 3724 1160 3787 τὴν
1176 3729 1314 3791 capaneia
1330 3730 1375 3777 rut
1392 3728 1444 3791 τὴν
1461 3728 1501 3780 α’»-

278 3812 368 3871 words,
394 3812 464 3859 there
485 3810 507 3859 is
529 3810 604 3860 much
624 3810 809 3861 awkwardness
831 3811 858 3862 in
907 3808 1100 3869 δρείυέταιναῒ,
1117 3808 1144 3856 ἐν
1160 3808 1274 3857 κινδύνοις
1290 3808 1506 3871 ὁμολογήσαντος

278 3891 329 3939 this
346 3899 470 3940 sentence.
512 3890 584 3939 Iam
602 3890 720 3954 disposed
740 3898 766 3940 to
783 3889 857 3940 think
907 3890 950 3938 τὸν
966 3889 1081 3952 Χριστόν.
1115 3889 1189 3938 More
1208 3889 1361 3952 commonly,
1387 3891 1439 3941 the
1458 3908 1503 3957 pe·

278 3972 334 4021 that
353 3972 453 4035 quibus,
472 3971 518 4020 dc.
536 3971 668 4035 originally
684 3971 811 4035 belonged
831 3977 858 4020 to
907 3970 987 4020 tristic
1008 3970 1168 4035 interpretem
1189 3969 1254 4020 refer
1280 3968 1457 4034 ὤμαλογῆσας
1476 3992 1506 4027 25

279 4069 295 4102 a
318 4054 434 4118 previous
458 4059 583 4112 sentence,
607 4052 659 4101 and
680 4051 735 4101 that
756 4060 808 4101 two
829 4067 858 4101 or
907 4052 1004 4102 wellas
1020 4052 1122 4112 ἐκλήθης
1138 4059 1165 4102 to
1181 4051 1225 4102 the
1241 4052 1382 4117 baptismi
1401 4056 1506 4119 proies-

279 4136 349 4186 three
360 4137 443 4185 words
453 4136 518 4184 have
526 4135 602 4185 lallen
613 4142 657 4185 out
666 4135 750 4185 before
761 4151 789 4185 as
800 4136 859 4185 well
907 4134 980 4194 sion;
996 4149 1025 4183 so
1035 4133 1131 4198 Thpht.
1146 4135 1192 4196 (ι),
1204 4134 1256 4183 and
1269 4134 1342 4184 Oec:
1356 4135 1414 4195 τήν
1427 4139 1458 4186 ἐν
1470 4135 1508 4200 τῷ

279 4234 307 4267 as
320 4217 383 4267 alter
396 4233 438 4282 qu,
451 4225 481 4281 p.
514 4217 570 4266 The
581 4216 715 4266 translator
725 4232 783 4280 may
794 4217 858 4267 have
906 4216 1061 4278 βαπτίσματι
1079 4216 1156 4276 λέγει,
1177 4214 1238 4264 ὅταν
1258 4211 1427 4276 ὁμολογοῖμεν
1445 4219 1509 4269 ἀπο.

280 4299 393 4348 written:
413 4303 480 4347 “‘tu
491 4314 559 4362 ergo,
572 4298 650 4347 homo
662 4299 718 4356 Dei,
728 4306 798 4348 utere
809 4299 858 4348 illis
908 4298 1044 4347 τάσσεσθαι
1059 4299 1104 4357 μὲν
1121 4294 1157 4359 τῷ
1172 4298 1288 4361 διαβόλῳ,
1307 4296 1509 4351 condonentur

280 4378 370 4440 quibus
378 4378 471 4441 poteris
480 4394 535 4427 eum
544 4378 664 4442 adsequi!
692 4376 857 4437 etsuadens,”
908 4377 934 4425 il
945 4378 985 4425 rui
995 4379 1118 4426 πιστεύειν
1128 4377 1164 4437 τῷ
1177 4374 1285 4439 Χριστῷ.
1318 4378 1386 4429 And
1401 4380 1512 4447 pelag*

281 4457 326 4506 &o
908 4458 959 4507 “rii
975 4459 1108 4524 baptismo,
1125 4460 1328 4511 abrenuntiando
1344 4466 1466 4516 saeotrlo
1485 4474 1512 4515 et

315 4546 352 4581 ιι.
386 4535 506 4597 conserues
532 4553 555 4585 es
578 4536 675 4597 mnam,
700 4537 759 4600 διο]
802 4538 857 4589 ‘rue
908 4541 1007 4604 pompis
1018 4539 1097 4590 eius.'‘
