3142 5100
277 375 320 439 26
540 376 543 379 ’
616 389 846 441 rasoponus
870 386 1162 440 uorsuasrnuus
1280 370 1357 455 [IV.
1376 385 1486 449 9-12.

276 557 351 620 loco
369 558 412 621 de
432 557 497 622 illis
516 558 637 635 scribit,
654 580 694 623 eo
717 559 810 642 quod
838 560 910 642 ipsa
936 560 1089 624 otiositas
1107 569 1141 624 et
1163 579 1302 642 operum
1330 556 1490 621 securitas

277 657 421 724 iaciebat
435 681 492 724 eos
508 662 542 725 in
560 661 641 726 nihil
658 662 739 726 utile
758 663 866 745 ipsam
888 662 981 726 abuti
1005 663 1219 727 otiositatem.
1265 660 1397 725 etenim
1413 660 1488 722 dum

277 762 411 827 bonitas
441 764 580 828 aliorum
611 766 682 828 sine
717 765 924 829 discussione
950 767 1078 829 cunctis
1109 766 1339 848 indigentibus
1373 761 1489 826 solatia
1537 846 1538 849 Ἴ

278 869 467 950 praebebat,
494 878 626 933 tantum
651 870 678 932 si
695 869 843 933 eiusdem
866 868 943 932 fidei
965 889 1037 932 esse
1058 869 1353 944 existimarentur;
1378 866 1491 929 laudat

248 970 414 1052 squidem
438 970 590 1052 primitus
618 970 700 1045 illos,
727 972 784 1052 qui
810 971 1016 1053 praebebant
1043 970 1088 1033 ob
1114 970 1182 1034 tale
1207 971 1434 1052 propositum,
1460 978 1490 1029 et

279 1073 368 1154 quod
393 1074 576 1136 necessarie
597 1073 677 1135 illud
699 1073 902 1155 explebant;
925 1072 1024 1135 simul
1048 1073 1149 1135 etiam
1169 1082 1204 1135 et
1224 1072 1414 1134 conlaudat
1430 1089 1489 1139 eos¹

279 1174 437 1256 quoniam
463 1195 529 1238 non
553 1175 661 1238 solum
686 1197 765 1258 erga
790 1195 877 1251 suos
901 1175 1012 1238 sedet
1039 1177 1121 1239 alios
1145 1175 1267 1251 fideles,
1284 1177 1341 1257 qui
1364 1176 1400 1238 in
1422 1173 1489 1237 aliis

279 1278 361 1342 locis
385 1299 590 1342 commorare
615 1278 822 1355 uidebantur,
848 1277 914 1341 tale
945 1277 1172 1343 adcelerarent
1201 1278 1352 1341 studium
1387 1277 1489 1339 adim·
1538 1330 1539 1343 ,

280 1381 377 1464 plere.
422 1383 591 1465 praecepit
607 1403 686 1445 uero
707 1382 824 1445 ceteris
846 1390 968 1444 utnon
991 1381 1172 1444 abutantur
1192 1381 1324 1444 illorum
1346 1378 1490 1444 liberali·

228 1498 268 1544 10
280 1494 384 1548 tatem
401 1486 444 1548 ad
461 1486 517 1548 illa
532 1507 618 1568 quae
634 1506 700 1549 non
717 1486 930 1559 conueniunt,
946 1484 1003 1567 qui
1026 1504 1133 1567 neque
1155 1481 1260 1547 ullum
1281 1504 1368 1566 opus
1386 1484 1489 1545 facere

280 1587 439 1653 uolebant
463 1600 496 1653 et
519 1590 689 1653 otiositate
711 1590 783 1672 ipsa
807 1589 849 1651 ad
874 1590 930 1652 illa
953 1609 1039 1670 quae
1062 1608 1129 1651 non
1151 1588 1403 1652 conueniebant
1423 1607 1490 1651 sese

280 1710 434 1754 exercere
449 1692 681 1774 properabant.
704 1692 807 1754 ‘sicut
823 1692 911 1754 enirn
925 1691 1099 1755 laudamus
1112 1691 1185 1754 illos
1197 1694 1253 1774 qui
1265 1691 1490 1775 indigentibus

281 1792 470 1857 ministrant
486 1804 520 1858 et
535 1795 601 1858 tale
617 1795 825 1876 propositum
842 1815 920 1876 erga
936 1792 1050 1856 fideles
1069 1792 1186 1857 tratres
1202 1814 1280 1857 suos
1296 1792 1486 1867 ostendunt,

280 1897 328 1961 sic
354 1909 388 1962 et
411 1909 538 1962 ceteros
564 1899 717 1963 uolumus
743 1899 882 1982 adsequi
904 1899 1144 1962 incrementum
1169 1904 1206 1960 ut
1229 1897 1333 1979 quieti
1356 1898 1437 1970 sint,
1459 1903 1489 1957 et
1539 1940 1540 1953 ,

229 2009 265 2077 15
283 1999 338 2062 illa
358 2021 443 2082 quae
461 2021 521 2063 sua
542 2011 620 2064 sunt
644 2011 756 2083 agant,
775 2000 990 2083 operantibus
1013 2000 1168 2063 manibus
1193 1999 1281 2076 suis;
1304 2020 1347 2063 ex
1374 1998 1489 2081 quibus

281 2103 437 2183 possibile
457 2105 500 2166 sit
519 2123 576 2165 eos
596 2123 661 2165 non
684 2104 832 2185 indigere
851 2103 987 2166 alterius
1007 2103 1171 2179 solatium,
1190 2111 1223 2166 et
1243 2103 1333 2184 apud
1356 2112 1488 2165 exteros

283 2209 419 2270 minime
435 2207 592 2269 conlundi
617 2227 678 2288 pro
701 2227 802 2288 opere
823 2205 1021 2270 indecente.’
1067 2216 1101 2269 et
1122 2204 1186 2268 hoc
1202 2205 1235 2268 in
1252 2205 1326 2268 loco
1340 2204 1490 2267 similiter

282 2311 403 2375 adicit:
430 2310 514 2372 sicut
527 2310 748 2391 praecepimus
773 2309 871 2385 uobis,
899 2319 934 2373 et
958 2310 1093 2392 reliqua,
1118 2311 1300 2373 ostendens
1331 2309 1486 2391 quoniam

283 2434 343 2476 nec
367 2411 430 2475 hoc
451 2433 576 2474 nouum
603 2412 666 2475 illis
691 2433 779 2475 nunc
802 2412 926 2475 indicit
971 2414 1091 2475 transit
1116 2433 1195 2475 uero
1216 2413 1352 2476 ulterius
1378 2413 1421 2475 ad
1438 2410 1488 2474 illa

228 2528 271 2578 20
283 2534 369 2597 quae
388 2512 453 2577 dici
473 2513 725 2590 conueniebant,
746 2514 891 2578 suadens
912 2525 950 2579 ut
969 2535 1036 2578 non
1057 2513 1233 2578 inhoneste
1254 2513 1364 2578 lerant
1385 2514 1429 2579 de
1443 2514 1487 2577 his
1540 2559 1541 2574 r

283 2618 341 2700 qui
364 2617 407 2680 ab
429 2617 492 2680 hac
516 2619 585 2680 uita
608 2618 798 2693 excedunt;
821 2619 1039 2700 quamobrem
1061 2630 1096 2682 et
1119 2621 1163 2682 de
1184 2618 1294 2682 futuro
1315 2629 1408 2682 statu
1432 2618 1488 2681 illis
1540 2613 1541 2618 ’

284 2721 441 2804 disputat,
462 2730 497 2785 et
515 2721 656 2803 gloriam
677 2722 767 2784 illam
792 2742 878 2803 quae
894 2742 972 2804 erga
993 2732 1128 2785 sanctos
1150 2734 1230 2785 tunc
1251 2721 1312 2783 erit
1337 2722 1487 2804 explicat,
1540 2709 1541 2714 Ι

284 2834 318 2888 et
329 2825 373 2886 ob
389 2825 621 2887 necessitatem
637 2823 810 2887 doctrinae
825 2824 881 2886 illa
894 2844 980 2906 quae
998 2834 1188 2906 competere
1200 2825 1263 2888 sibi
1277 2824 1488 2887 existimabat

285 2929 328 2991 ad
359 2949 515 3012 praesens
545 2938 778 3011 argumentum
816 2939 955 2994 enarrat
1000 2948 1080 2992 nam
1112 2931 1146 2992 in
1176 2939 1340 3011 quantum
1372 2947 1488 3010 magna

335 3111 349 3146 a
366 3095 430 3160 ipsa,
447 3094 577 3144 ociositate
596 3094 619 3143 C
634 3094 707 3155 (corr)
720 3093 754 3142 H
764 3090 770 3150 Ι
781 3094 870 3143 imbuti
887 3093 921 3142 H
1037 3108 1050 3157 5
1068 3094 1102 3143 ob
1114 3093 1157 3144 tali
1169 3095 1299 3159 proposito
1312 3092 1348 3157 Ι-ο
1359 3092 1406 3157 Η)
1421 3090 1492 3143 C'H

286 3177 302 3227 6
318 3176 455 3227 necessario
467 3192 483 3224 r
616 3185 629 3237 7
647 3190 706 3239 erga
717 3173 845 3238 (befalios)
857 3175 909 3223 add
919 3175 941 3223 C
951 3174 1024 3236 (carr)
1152 3177 1168 3225 8
1184 3175 1376 3224 commemorari
1391 3176 1413 3225 C
1424 3168 1488 3237 (corr)

299 3258 304 3324 Ι
318 3260 455 3308 accelerare
466 3274 484 3306 r
595 3273 611 3323 9
627 3273 688 3322 ergo
700 3255 758 3321 (for
767 3258 837 3316 uero)
850 3273 866 3304 r
878 3255 882 3321 Ι
898 3257 1048 3307 liberalitate
1061 3257 1166 3318 C(carr)
1200 3257 1315 3307 libertate
1327 3272 1344 3307 r
1464 3268 1486 3302 rr

286 3342 452 3392 conueniebat
466 3339 505 3390 C*
622 3338 652 3389 16
675 3339 765 3388 solatio
778 3338 818 3389 C’
830 3354 847 3388 r
969 3351 998 3402 17
1015 3338 1141 3389 indicente
1155 3336 1193 3388 θ’
1206 3339 1241 3387 H
1246 3353 1263 3387 r
1380 3338 1411 3387 18
1427 3350 1488 3402 prae

287 3423 392 3488 cipimus
403 3423 437 3472 H
447 3419 452 3487 Ι
465 3429 490 3471 et
502 3436 524 3471 c.
538 3419 595 3485 (jor
605 3429 629 3471 et
640 3419 695 3484 rel.)
708 3435 724 3467 r

320 3591 345 3634 4.
389 3573 478 3622 laudat
510 3573 610 3637 quidem
643 3573 775 3636 prinam,
812 3573 869 3635 &ol
922 3571 1009 3637 πολλῷ
1019 3574 1116 3636 μᾶλλον
1130 3577 1153 3625 ol
1169 3575 1326 3636 ἔξωθεν...δώ
1342 3576 1384 3622 κοί
1401 3587 1489 3637 χριοσ·

289 3657 361 3706 ‘The
383 3656 436 3721 Ap.
455 3657 553 3706 desirod
575 3673 609 3706 ou
627 3657 670 3706 the
690 3672 738 3706 one
755 3658 825 3707 band
842 3667 869 3706 to
920 3661 1062 3721 εμοόρους
1081 3660 1198 3708 καλοῦσιν
1218 3658 1290 3718 ἡμᾶς.
1325 3658 1366 3708 Cs.
1380 3657 1490 3708 'lh'sre-

288 3755 426 3804 encourage
437 3739 594 3803 almsgiving.
606 3740 656 3788 and
672 3755 705 3788 on
723 3740 766 3789 the
783 3741 864 3796 other,
919 3741 1003 3789 marks
1020 3757 1054 3790 ou
1070 3740 1187 3791 aThess.
1202 3740 1238 3789 iii
1255 3737 1345 3801 6-15,
1364 3755 1374 3788 1
1390 3740 1455 3788 Tim.
1467 3751 1488 3784 r·

289 3829 316 3869 to
342 3821 420 3883 guard
448 3821 544 3883 against
572 3820 604 3868 its
631 3820 743 3884 possible
770 3818 865 3869 abuse!
921 3821 1024 3873 11-16.

290 3902 418 3964 Similarly
428 3902 518 3951 Thdt.:
536 3904 674 3963 συνέβαινεν
684 3903 734 3964 γὰρ
745 3902 805 3968 Ιτούν
821 3902 866 3960 μὲν
949 3904 972 3954 6.
1015 3903 1158 3965 conlaudat]
1195 3906 1386 3966 :tpoaerarrei
1405 3919 1436 3952 or
1455 3902 1491 3950 the

289 3987 428 4047 φιλοτίμους
459 3986 574 4047 χορηγεῖν
601 3987 651 4036 τοῖς
679 3986 797 4044 δεομένας
823 3988 868 4045 τὴν
917 3986 988 4036 like?
1021 3987 1113 4049 Comp.
1125 3986 1242 4035 however
1254 3985 1294 4034 De
1305 3986 1357 4041 Vir,
1369 4002 1390 4033 s.
1398 4003 1424 4034 v.
1437 3982 1488 4045 (roh

289 4068 380 4127 χρείαν,
399 4069 453 4118 τοὺς
468 4069 494 4116 δὲ
505 4069 545 4116 διὰ
561 4070 605 4129 τὴν
621 4069 713 4116 τούτων
730 4069 869 4126 φιλοτιμίαν
954 4083 992 4129 ¹4·
1025 4067 1127 4131 adsequi
1137 4067 1327 4127 imrementum]
1343 4070 1436 4130 τροφῆς
1447 4068 1490 4114 ἔτι·

290 4151 388 4205 ἀμελεῖν
420 4151 463 4208 τῆς
490 4149 614 4211 ἐργασίας.
664 4150 761 4199 εἰκότως
789 4152 867 4198 τοίνυν
918 4150 1008 4209 τυχεῖν.
1043 4149 1094 4197 For
1103 4149 1489 4198 increnmaum=nutrimenrua

289 4232 410 4280 κάκείνους
426 4227 553 4292 hirceo,
571 4233 610 4280 κοί
629 4233 720 4280 τούτοις
739 4232 771 4280 τὰ
794 4233 867 4293 epte·
918 4247 959 4280 see
971 4230 1045 4286 lexx.‚
1057 4247 1105 4279 s.v.
1139 4230 1253 4279 Suadam
1264 4236 1294 4278 rat
1306 4246 1358 4278 nrm
1376 4231 1492 4280 inhoneste

289 4318 353 4372 φορσ
375 4311 567 4374 συνεβούλευσεν.
601 4312 662 4362 And
684 4312 783 4377 Chrys„
810 4313 868 4363 who
909 4312 1008 4376 serant,
1027 4313 1197 4361 διαπνείθων
1214 4309 1277 4359 ὥστε
1298 4311 1332 4370 μὴ
1355 4311 1491 4372 οσχημόνοι

290 4394 347 4442 thus
357 4394 453 4458 applies
464 4394 507 4444 the
518 4394 621 4459 reproot'
636 4395 712 4444 tohis
728 4410 786 4445 own
804 4412 865 4460 age:
918 4395 984 4454 ἔχειν
1002 4396 1057 4454 περὶ
1077 4394 1134 4449 τῶν,
1153 4395 1229 4443 reeh.
1266 4391 1400 4442 Camalan'
1423 4407 1489 4458 pass·

290 4478 313 4524 εί
323 4476 373 4537 γὰρ
385 4476 406 4524 ol
417 4475 474 4538 παρ’
486 4476 542 4536 ἡμῖν
555 4477 754 4534 σκανδαλίζονται
765 4474 866 4533 τούτοις,
917 4490 959 4525 see
971 4488 990 4525 1.
1003 4491 1028 4539 p.
1044 4490 1096 4539 194,
1110 4474 1126 4524 l.
1146 4489 1183 4538 19.
