3142 5100
256 363 317 445 136
582 375 811 427 Tnaooonus
834 375 1128 436 MOPSUESTENUS
1314 360 1395 446 [111.
1417 363 1467 432 16,
1569 325 1570 378 ί

249 573 331 637 pore
352 562 468 619 contra
490 553 625 639 pietatis
647 552 835 618 doctrinam
858 553 984 637 dogma
1007 549 1154 618 Simonis
1178 551 1268 634 magi
1298 549 1470 633 pullulare
1569 547 1570 552 ’

250 654 446 736 uidebatur;
467 657 558 739 quod
577 657 703 740 dogma
719 656 874 719 uniuersa
894 655 959 718 ista
978 675 1066 738 quae
1087 652 1244 717 uidentur
1263 652 1308 717 ab
1326 652 1469 736 opifica·

250 759 342 822 tione
365 759 430 823 Dei
453 758 597 824 alienare
620 759 820 843 temptabat.
866 767 1003 842 propter
1023 757 1087 821 hoc
1110 759 1212 821 etiam
1233 760 1342 821 carnis
1362 757 1471 821 dene·

249 861 355 943 gabat
377 860 500 925 factam
522 861 622 925 fuisse
642 862 931 944 adsumptionem
955 859 1089 924 dicebat
1111 861 1201 924 enim
1224 860 1469 943 phantasmate

219 976 234 1042 5
250 962 323 1026 solo
343 963 516 1026 dominum
536 964 730 1048 adparuisse
751 965 909 1040 incarne,
927 964 973 1026 ita
990 974 1027 1027 ut
1043 984 1110 1027 non
1127 963 1295 1027 uideretur
1309 984 1385 1027 caro
1401 961 1468 1026 tali
1569 1019 1570 1022 ,

250 1066 378 1129 ratione
398 1065 524 1130 honore
543 1076 577 1131 et
597 1068 772 1150 diligentia
792 1068 895 1151 digna
916 1067 1030 1143 uideri,
1052 1067 1217 1149 siquidem
1241 1075 1275 1130 et
1297 1065 1470 1129 inhabita·
1569 1077 1570 1128 ἶ

250 1169 342 1230 tione
357 1167 471 1232 diuina
486 1169 589 1252 digna
605 1169 711 1234 fuerit.
756 1172 878 1235 deinde
897 1171 1012 1234 dicens
1032 1171 1091 1252 qui
1109 1170 1341 1251 manifestatur
1358 1178 1409 1231 est
1430 1168 1469 1231 in

250 1292 345 1334 carne
364 1271 468 1355 (quod
489 1275 533 1337 de
555 1274 631 1338 Deo
655 1274 719 1337 dici
741 1274 811 1337 iure
831 1275 1017 1351 uidebatur,
1033 1293 1111 1336 nam
1131 1272 1187 1335 illa
1211 1283 1282 1336 erat
1303 1272 1468 1334 diuinitas
1569 1305 1570 1358 ρ

250 1395 337 1457 quae
363 1376 519 1441 incarne
546 1377 667 1442 Christi
695 1377 802 1442 fuerat
828 1379 921 1460 uisa),
945 1379 1064 1442 transit
1090 1387 1125 1441 et
1154 1378 1198 1441 ad
1222 1377 1279 1442 illa
1305 1399 1392 1460 quae
1421 1381 1468 1442 de
1569 1405 1570 1420 ν

199 1500 238 1548 10
251 1482 385 1547 homine
408 1481 472 1545 dici
496 1492 660 1565 poterant,
676 1491 713 1546 ut
731 1482 894 1566 ampliore
917 1501 1109 1545 sermonum
1131 1482 1363 1565 prosecutione
1384 1503 1468 1545 con·
1569 1465 1570 1472 ί

251 1584 396 1651 firmaret
411 1586 491 1651 illud
508 1589 598 1672 quod
614 1597 694 1652 tunc
709 1589 894 1652 uocabatur
909 1587 942 1650 in
958 1586 1118 1652 dubium:
1569 1575 1570 1578 ¹

316 1739 510 1823 iustificatos
525 1740 560 1804 in
578 1740 717 1823 Spiritu,

316 1868 454 1934 euidens
478 1867 541 1933 hoc
565 1869 725 1952 quoniam
749 1869 793 1933 ad
818 1856 979 1933 deitatem
1006 1889 1219 1953 nequaquam
1243 1879 1356 1952 potest
1386 1892 1467 1954 per·
1569 1855 1570 1894 ³

249 1971 375 2050 tinere;
399 1972 566 2037 humanae
591 1994 671 2039 uero
698 1984 838 2038 naturae
862 1975 1036 2038 euidenter
1060 1984 1171 2059 potest
1196 1977 1315 2058 aptari,
1344 1979 1468 2058 quiet
1569 1999 1570 2078 q

301 2147 311 2181 1
331 2130 434 2180 siminus
445 2132 524 2195 magis
538 2131 560 2180 C
567 2130 579 2155 ⁸
593 2132 626 2180 H
632 2148 649 2180 r
660 2129 665 2196 Ι
680 2132 796 2196 pulumre
809 2132 848 2183 C‘
983 2149 996 2184 ο
1014 2134 1049 2183 ob
1060 2132 1246 2198 opificarionem
1257 2151 1274 2184 r
1405 2154 1421 2202 3
1440 2139 1468 2189 in
1569 2197 1570 2204 ρ

250 2209 396 2276 (bescarnis)
408 2211 460 2260 add
470 2209 510 2261 C*
522 2212 556 2262 H
629 2226 642 2276 5
659 2213 713 2263 sola
726 2213 803 2263 CH:
820 2219 887 2263 ίαίν
960 2215 976 2264 8
993 2214 1111 2265 diuinitas
1121 2223 1174 2265 erat
1183 2216 1218 2265 H
1289 2232 1305 2283 9
1321 2233 1398 2268 causa
1411 2222 1473 2285 (sor
1569 2217 1570 2270 i

248 2293 312 2352 uisa)
323 2294 358 2342 H
367 2292 372 2358 Ι
385 2294 418 2342 ad
428 2310 467 2343 om
479 2294 512 2343 H
587 2310 615 2345 ιο
633 2295 814 2346 iustificaturC
839 2295 999 2347 iustifieatum
1010 2304 1048 2346 est
1059 2315 1076 2346 ν
1142 2314 1171 2359 ¹4
1187 2314 1253 2364 quae
1264 2311 1289 2349 et
1301 2301 1336 2350 H
1363 2303 1453 2367 quial
1569 2297 1570 2302 ¹

282 2457 304 2491 ο.
338 2443 369 2491 αν
390 2441 542 2507 ορραιααο
561 2442 615 2491 αα
635 2441 753 2500 aunan,
771 2443 832 2506 ee]
881 2442 1062 2494 annuant„
1078 2445 1188 2508 οωρο
1201 2444 1251 2508 γορ
1268 2446 1313 2506 τοι
1328 2446 1396 2496 αα,
1416 2451 1468 2512 ιρι,
1569 2423 1570 2508 ξ

249 2524 289 2577 Cf.
309 2525 374 2575 Iren.
396 2526 414 2574 i.
430 2539 460 2588 ²3
476 2527 490 2587 ς
505 2541 535 2576 οε
553 2530 570 2554 “
583 2525 709 2577 Ennoiam
727 2526 831 2593 degredi
882 2526 1048 2588 φανερωθῆναι
1059 2521 1140 2586 φύσιν.
1569 2576 1570 2587 ,

248 2607 281 2656 ad
299 2606 416 2656 inferiora
438 2615 463 2657 et
481 2623 601 2671 generare
620 2609 724 2672 angelos
743 2617 768 2659 et
785 2624 831 2674 po-
917 2620 955 2668 ¹4·
988 2604 1245 2670 humanae...accepir]
1263 2605 1384 2672 Citedby
1395 2609 1467 2658 lan·
1569 2658 1570 2667 ,

249 2696 358 2750 testatos,
380 2689 527 2754 aquibus
543 2697 572 2740 et
589 2689 732 2740 mundum
748 2691 831 2742 hunc
880 2683 1115 2746 flammeos-ll.
1569 2670 1570 2693 ¹

249 2770 364 2820 lactum
381 2768 490 2822 dixit.’‘
525 2772 633 2837 Hippol.
652 2772 684 2821 vi.
706 2775 751 2822 18:
778 2774 831 2821 ἐνί·
914 2769 1040 2821 humanae
1054 2786 1111 2820 usro
1127 2778 1241 2829 naturas,
1257 2770 1317 2833 dte]
1341 2773 1468 2824 Manifes-

248 2871 301 2904 m
322 2856 428 2916 μεγάλη,
452 2856 544 2915 θήλεια,
569 2851 680 2915 γεννῶσα
701 2857 734 2904 τὰ
750 2857 832 2904 πάντα
881 2849 961 2903 tallon
978 2850 1054 2901 could
1068 2851 1102 2900 be
1118 2851 1173 2916 fitly
1189 2852 1333 2916 predicated
1352 2854 1383 2903 of
1403 2855 1467 2905 God

249 2922 416 3002 -o'pificatw
433 2936 626 3000 (εθημωυργία)
654 2937 675 2987 is
703 2938 832 2987 unknown
881 2932 924 2981 the
936 2933 1025 2993 Word,
1041 2933 1204 2998 justification
1220 2935 1320 2999 onlyoi
1333 2935 1376 2985 the
1390 2937 1468 2987 homo
1569 2930 1570 2979 l

249 3026 277 3069 to
288 3019 331 3069 the
342 3020 460 3080 lenticum,
472 3035 525 3069 exc.
537 3020 601 3070 from
613 3021 663 3070 this
674 3021 829 3072 translation.
880 3021 1003 3078 susceptus
1020 3016 1303 3085 (“h.naturae..qui‚”
1319 3018 1383 3085 διο).
1418 3020 1464 3071 cf.
1569 3060 1570 3079 t

283 3117 306 3165 3.
351 3108 455 3166 propter
478 3103 521 3151 ίνοε
552 3103 628 3152 etiam
650 3103 745 3159 camir,
774 3102 832 3166 δια]
882 3097 924 3146 the
947 3096 1036 3161 fragmss
1065 3098 1095 3149 ol
1115 3101 1164 3149 Th.
1188 3102 1219 3152 de
1239 3102 1337 3153 incarn.
1358 3102 1411 3151 xiii
1435 3103 1466 3153 in
1569 3126 1570 3143 ι

250 3181 317 3230 That
330 3181 418 3231 Simon
429 3184 589 3247 represented
608 3185 653 3233 the
669 3184 832 3237 Incamation
882 3176 970 3240 Migne
981 3176 1177 3242 1.c,(=Sachau‚
1191 3198 1235 3247 pp.
1246 3197 1284 3247 53,
1300 3179 1381 3245 ml:
1400 3186 1466 3236 δεδι-
1569 3208 1570 3221 ι

250 3261 300 3310 aud
313 3261 415 3311 Pession
427 3278 454 3311 as
466 3263 571 3322 docetic,
586 3264 607 3313 is
618 3266 700 3314 stated
717 3266 752 3330 by
763 3267 831 3316 Iren.
881 3256 999 3308 κωῶθθᾱί
1010 3260 1036 3311 ἐν
1048 3259 1165 3320 Μίνωα
1181 3265 1262 3325 λέγων
1278 3270 1356 3329 αὐτόν,
1372 3275 1420 3318 είτε
1432 3272 1469 3323 ὡς

250 3342 267 3392 i.
294 3344 354 3405 ης
377 3358 404 3406 33
432 3345 476 3393 the
494 3345 578 3394 Greek
602 3346 647 3397 has
668 3347 785 3399 survived
805 3348 832 3398 in
882 3342 981 3404 vplwli
992 3343 1469 3415 flssrrlwwfflrdritrpoonroim

251 3419 360 3484 Hippol.
381 3421 414 3470 vi.
442 3436 487 3486 19:
514 3418 591 3471 retroit
611 3426 660 3487 γὰρ
682 3426 831 3475 διοικούντων
882 3424 1002 3486 ἀκριβείας
1013 3425 1055 3473 τδν
1067 3423 1138 3485 νόμον
1146 3429 1295 3489 φυλάξαντα,
1308 3433 1468 3494 είτεώςμεοθ

250 3497 300 3549 τῶν
314 3502 429 3561 ἀγγέλων
442 3503 485 3551 τὸν
500 3504 589 3560 κόσμον
600 3505 639 3553 διδ
655 3506 684 3555 τδ
701 3508 831 3569 φιλαρχεῐν
881 3505 958 3553 ἐκεῖνο
975 3509 1021 3567 τὴν
1042 3502 1085 3566 mir
1106 3508 1205 3569 χάριτος
1222 3513 1346 3562 πολιτείαν
1367 3512 1399 3576 αἱ
1417 3520 1468 3566 τοῦ
1569 3536 1570 3553 ³

251 3578 341 3639 αὐτούς,
362 3583 396 3631 είς
417 3583 582 3645 ἐπανόρθωσιν
598 3586 741 3646 ἐληλυθέναι
760 3589 833 3637 αθτδν
882 3583 1469 3656 πνεύματοςσυνεργείρμεεδπολλῆςπληροθννα
1569 3592 1570 3651 J

251 3664 413 3725 ἐφη...ιὐςκαί
430 3661 557 3727 ἄνθρωπον
575 3669 705 3727 φαίνεσθαι
722 3672 756 3731 μὴ
773 3672 832 3720 dm
880 3666 924 3727 τῆς
935 3670 1065 3731 ἀκριβείας.
1100 3671 1132 3720 ln
1145 3672 1213 3722 what
1227 3690 1298 3725 sense
1309 3675 1467 3731 'lli-under-
1569 3660 1570 3667 ί

252 3750 385 3810 δνθρωνον,
409 3750 449 3797 καί
470 3751 558 3799 ταθεΐν
579 3752 606 3800 δέ
629 3753 655 3800 ἐν
676 3749 707 3814 τῇ
725 3751 832 3817 Ἰουδαία
880 3751 954 3800 stood
976 3752 1104 3814 ἐδικαιώθη
1125 3770 1232 3819 appears
1252 3756 1317 3808 from
1339 3761 1474 3826 asmgm..

250 3831 573 3890 δεδοκηκέναιμὴωαθδντα.
607 3833 832 3901 Thisisrepeated
880 3832 910 3882 os
917 3832 957 3881 his
967 3832 1072 3884 libcrad
1079 3834 1236 3898 baph'zandos
1248 3838 1354 3904 (Migne,
1371 3849 1467 3909 10152:

251 3914 286 3978 by
296 3912 374 3963 Thdt.
388 3913 517 3979 hamfab.
531 3913 549 3963 i.
565 3929 586 3964 1.
882 3912 1036 3965 “Christum
1060 3912 1220 3966 iustificatum
1241 3925 1267 3968 et
1288 3918 1469 3974 immacula-

284 4008 308 4058 5,
341 3994 595 4057 quereturmuidm]
618 3998 642 4047 A
663 3998 775 4062 singular
794 3999 830 4049 in.
880 4000 942 4043 tum
957 3994 1069 4046 lactum
1084 3997 1174 4049 virtute
1189 4015 1209 4050 s.
1230 4000 1347 4065 Spiritus,
1358 4004 1423 4054 sicut
1436 4006 1466 4055 b.

251 4082 337 4127 stance
355 4075 384 4125 ol
403 4077 446 4127 the
463 4077 542 4142 laxity
563 4078 592 4128 of
610 4094 655 4129 our
678 4080 831 4132 translator's
880 4079 972 4129 Paulus
982 4081 1060 4132 modo
1076 4083 1179 4147 quidem
1195 4084 1259 4135 dixit
1275 4088 1344 4151 quod
1359 4089 1466 4139 ‘iustifi-

251 4157 328 4207 Latin
338 4158 410 4220 style.
878 4171 949 4211 cetus
960 4170 998 4212 est
1009 4164 1036 4213 in
1050 4163 1161 4229 Spiritu,’
1174 4168 1251 4218 modo
1263 4184 1324 4218 uero
1343 4170 1400 4237 ‘qui
1416 4188 1467 4236 per

284 4242 308 4290 8.
343 4239 411 4303 quod
438 4240 468 4311 de
494 4242 555 4299 Deo,
583 4239 643 4305 διο]
680 4242 720 4293 Cf.
750 4243 829 4294 Thdt.
878 4251 1007 4292 aeternum
1027 4244 1147 4309 Spiritum
1167 4247 1354 4300 immaculatum
1371 4268 1399 4302 se
1417 4255 1467 4303 ob-

251 4321 366 4372 Eranist.
391 4320 407 4370 l.
420 4337 459 4371 er
483 4322 599 4384 ἁρμοδίως
620 4325 701 4373 τοίνυν
728 4325 741 4374 δ
770 4328 831 4376 θεῖος
878 4324 935 4374 tulit
955 4325 1034 4385 Deo;’
1051 4343 1136 4392 comp.
1150 4329 1194 4379 the
1207 4330 1468 4402 importentpessage
1569 4378 1570 4391 ,

251 4401 297 4451 tr.
318 4400 386 4449 eim
408 4401 477 4455 ‘ocor
498 4403 640 4464 ἐφανερώθη
660 4405 685 4453 ἐν
703 4409 781 4468 σαρκί·
800 4405 831 4456 δι’
878 4422 912 4456 on
931 4409 1078 4459 ourlord's
1105 4410 1204 4462 conflict
1229 4414 1290 4464 with
1319 4416 1363 4467 the
1387 4417 1464 4482 flesh,

250 4480 342 4539 ἐκείνην
369 4481 417 4542 γὰρ
444 4479 460 4540 ἦ
488 4483 589 4534 ἀθέατοι
611 4485 723 4547 ἐνεφάνη
751 4486 829 4549 φύσις.
878 4489 978 4554 printed
990 4491 1024 4557 by
1033 4492 1155 4559 Lagarde,
1167 4497 1235 4547 anal.
1246 4513 1314 4561 syrr.
1327 4515 1351 4564 p.
1363 4514 1408 4551 ror
1423 4515 1465 4567 sq.
