3142 5100
581 394 711 477 336
1535 410 1916 464 APPEme
1962 414 2024 463 A.

577 582 687 643 sed
706 581 1051 657 uoluntatis,
1071 583 1239 644 nullo
1264 593 1447 662 pacto
1474 583 1753 663 suscepit.
1826 586 1991 663 quod
2019 585 2070 646 si
2095 583 2302 645 fuisset
2327 582 2394 644 in
2419 594 2631 645 natura
2655 593 2963 662 peceatum,

579 679 741 741 iuxta
768 680 1187 759 sapientissimi
1219 681 1393 745 huius
1431 684 1759 763 eloquium,
1788 697 2103 764 peccatum
2130 684 2192 744 in
2219 694 2437 745 natura
2462 703 2700 764 prorsus
2735 682 2966 745 existens

578 776 911 839 necessario
939 778 1310 856 suscepisset.

1640 982 1822 1042 Boox
1864 998 1941 1041 xv.

580 1131 756 1217 [Mar.
802 1136 1047 1196 Mercat.
1089 1155 1198 1197 exc.
1249 1157 1276 1197 1
1313 1137 1864 1216 (“Theodori...de
1891 1139 2161 1199 secundo
2189 1138 2403 1199 codice
2430 1137 2585 1200 libro
2613 1149 2819 1216 quarto
2841 1138 2970 1199 folio

1232 1235 1736 1297 decime...tantis
1757 1240 2098 1311 extantibus,
2128 1235 2344 1320 &c'’)].

697 1383 909 1445 Tantis
941 1387 1281 1450 extantibus
1319 1408 1476 1468 quae
1511 1388 1923 1452 demonstrent
1956 1392 2155 1452 Adam
2182 1390 2267 1451 sic
2297 1410 2373 1451 ex
2400 1401 2557 1451 terra
2580 1391 2891 1449 formatum
2914 1399 2971 1447 ut

513 1504 547 1566 5
576 1486 841 1549 mortalis
887 1507 1128 1566 prorsus
1177 1488 1470 1564 existeret,
1519 1509 1659 1568 erga
1705 1490 1910 1551 cibum
1965 1488 2269 1568 proprium
2311 1488 2505 1550 uoluit
2548 1507 2837 1565 occupare
2873 1508 2975 1548 ser·

574 1605 819 1647 monem
830 1609 847 1663 ;
905 1606 1021 1648 nec
1080 1586 1300 1650 exinde
1346 1590 1554 1650 ualens
1600 1590 1915 1651 aduertere
1958 1588 2288 1664 ueritatem,
2347 1607 2458 1666 pro
2513 1590 2795 1667 dogmate
2846 1605 2973 1646 uero

576 1684 917 1747 seductorio
945 1705 1021 1747 ex
1048 1685 1366 1748 mendacio
1393 1687 1857 1749 aduocationem
1889 1687 2162 1766 iungens„

922 1785 961 1822 ι
1206 1786 1245 1823 ι
1491 1786 1529 1823 ⁴1·
1774 1787 1813 1824 ι
2059 1786 2095 1819 ι
2339 1786 2377 1817 ι
2619 1782 2657 1817 n

696 1899 821 1941 non
848 1880 933 1942 ait
963 1883 1268 1942 ‘mortales
1296 1880 1496 1956 eritis?
1530 1883 1639 1944 sed
1677 1891 1854 1944 morte
1888 1880 2252 1943 moriemini*
2259 1907 2288 1954 ‚·
2327 1902 2567 1961 prorsus
2605 1880 2975 1943 existentibus

476 1993 547 2034 10
573 1989 784 2040 natura
822 1980 1170 2042 mortalibus
1208 1981 1419 2042 inferre
1456 1979 1664 2042 mortis
1699 1980 2125 2058 experientiam
2155 1980 2573 2053 comminatuS,
2603 2000 2787 2058 quam
2812 1980 2974 2040 etiam

570 2075 733 2138 iuxta
761 2097 989 2138 morem
1017 2078 1291 2157 propriae
1319 2077 1706 2157 benignitatis
1737 2079 1816 2139 ad
1854 2080 2130 2139 effectum
2159 2079 2486 2156 perducere
2510 2077 2754 2138 distulit.
2834 2077 2978 2138 sicut

572 2175 734 2237 enim
788 2196 925 2236 curn
984 2177 1157 2239 dicit:
1197 2179 1305 2254 qui
1340 2178 1607 2255 effitderit
1641 2178 1896 2237 hominis
1934 2179 2288 2253 sanguinem,
2338 2177 2579 2252 sanguis
2617 2178 2743 2236 eius
2774 2185 2887 2253 pro
2923 2194 2977 2233 eo

551 2275 910 2352 sunddurh
942 2294 1065 2335 non
1106 2278 1224 2336 hoc
1252 2275 1398 2336 dicit
1436 2274 1578 2353 quia
1609 2273 1737 2352 ‘qui
1767 2273 2055 2335 occiderit
2083 2274 2389 2334 hominem
2418 2274 2529 2335 erit
2556 2274 2855 2347 mortali5,’
2881 2274 2975 2334 sed

571 2373 712 2449 quia
762 2373 1001 2451 ‘dignus
1052 2384 1143 2434 est
1190 2373 1535 2434 huiusmodi
1585 2383 1778 2434 morte
1827 2371 2150 2446 damnari3'
2210 2370 2297 2431 sic
2352 2383 2412 2432 et
2465 2370 2975 2449 inpraesentiarum

472 2484 541 2547 15
570 2470 719 2530 dixit
753 2480 930 2532 morte
962 2473 1301 2544 moriemini,
1338 2491 1461 2532 non
1495 2472 1664 2551 quod
1707 2482 1852 2532 tunc
1894 2472 2175 2531 mortales
2217 2471 2445 2544 fierent,
2486 2471 2595 2531 sed
2629 2471 2794 2549 quod
2826 2469 2976 2549 digni

571 2579 770 2629 essent
799 2570 902 2647 qui
933 2570 1142 2632 mortis
1179 2569 1539 2631 sententiam
1577 2588 1688 2648 pro
1729 2569 2198 2647 transgressione
2235 2569 2535 2629 referrent.
2621 2570 2729 2630 sed
2756 2580 2816 2629 et
2843 2565 2977 2628 diui·

568 2686 710 2726 nam
766 2666 1141 2740 sententiam,
1201 2687 1382 2745 quam
1435 2676 1577 2744 post
1628 2676 1945 2744 peccatum
2002 2668 2171 2727 Deus
2226 2667 2401 2726 Adae
2456 2664 2672 2727 inferre
2731 2666 2972 2739 uidetur,

568 2764 832 2825 aduerte.
918 2765 1004 2825 sic
1040 2763 1204 2825 enim
1233 2763 1404 2825 dicit:
1444 2764 1588 2841 quia
1613 2765 1839 2823 audisti
1870 2782 2050 2823 uocem
2088 2765 2292 2822 uxoris
2323 2770 2474 2834 tuae,
2517 2770 2574 2821 et
2608 2765 2886 2824 comedisti
2917 2763 2979 2820 de

565 2863 739 2939 ligno,
781 2863 851 2922 de
880 2882 991 2940 quo
1022 2873 1419 2941 praecsperam
1465 2864 1576 2923 tibi
1613 2863 1683 2922 de
1719 2863 1823 2922 hoc
1858 2863 1972 2922 solo
2013 2881 2128 2921 non
2160 2862 2442 2934 comedere,
2485 2881 2560 2921 ex
2597 2881 2655 2922 eo
2691 2862 2974 2933 comedmi,

467 2976 544 3017 20
570 2962 865 3020 maledicta
901 2968 1062 3020 terra
1100 2963 1164 3020 in
1201 2962 1464 3039 operibus
1497 2961 1631 3033 tuis,
1671 2960 1737 3020 in
1778 2960 2024 3019 tristitia
2070 2960 2310 3019 comedes
2344 2979 2471 3017 eam
2503 2961 2762 3020 omnibus
2796 2959 2977 3018 diebus

569 3061 726 3120 uitae
762 3067 921 3129 ωας
958 3062 1162 3136 spinas
1200 3067 1258 3120 et
1287 3060 1528 3120 tribulos
1557 3058 1819 3134 proferet
1852 3059 1972 3130 tibi,
2015 3065 2073 3116 et
2105 3058 2347 3117 comedes
2364 3059 2580 3135 senum
2619 3061 2752 3135 agri
2763 3083 2792 3130 ,·
2829 3065 2883 3118 et
2918 3059 2975 3116 in

566 3159 775 3219 sudore
796 3159 997 3217 uultus
1027 3158 1123 3217 tui
1152 3160 1389 3218 comedes
1408 3165 1627 3234 panem
1668 3163 1849 3229 tuum,
1880 3157 2048 3215 donec
2069 3157 2386 3215 reuertar-is
2413 3158 2479 3215 in
2504 3164 2724 3217 terram
2733 3157 2782 3234 ζ.
2866 3155 2974 3215 hoc

568 3266 769 3316 autem
810 3274 918 3333 per
956 3256 1107 3316 haec
1152 3253 1551 3315 comminatus
1602 3264 1708 3328 est,
1755 3253 1920 3330 quod
1975 3271 2393 3313 aerumnosam
2450 3253 2637 3314 uitam
2681 3253 2973 3316 habiturus

568 3364 742 3425 esset,
787 3371 924 3413 curn
969 3352 1171 3412 labore
1211 3350 1497 3429 deinceps
1528 3352 1754 3411 fructus
1792 3351 1870 3412 de
1903 3359 2060 3410 terra
2097 3359 2439 3427 sumpturus
2481 3350 2697 3426 quibus
2738 3352 2976 3411 aleretur

465 3460 538 3521 25
567 3457 630 3509 et
657 3447 1000 3509 subsisteret
1010 3467 1029 3520 3
1070 3466 1454 3524 nequaquam
1483 3448 1730 3519 habenS,
1759 3457 1825 3506 ut
1863 3444 2115 3523 pridem,
2152 3457 2382 3506 tantam
2419 3446 2784 3524 propositam
2821 3444 2972 3522 largi-

567 3556 752 3606 tatem
802 3557 1026 3624 quanta
1063 3566 1137 3608 ex
1167 3545 1429 3624 paradisi
1466 3545 1645 3624 copia
1686 3547 2005 3606 fruebatur.
2091 3563 2218 3606 non
2271 3545 2432 3606 enim
2489 3546 2718 3622 operari
2771 3556 2971 3605 terram

565 3662 675 3720 pro
725 3643 1019 3722 supplicio
1067 3643 1235 3705 dedit
1284 3646 1472 3718 DeuS‚
1521 3643 1693 3721 quasi
1736 3663 1812 3704 ex
1857 3642 2157 3703 inmortali
2203 3655 2415 3703 natura
2462 3641 2527 3703 in
2572 3642 2971 3704 mortalitatem

567 3741 841 3803 homines
884 3744 1239 3803 transferens
1248 3764 1268 3819 ;
1321 3741 1816 3820 quandoquidem
1866 3753 1926 3802 et
1970 3741 2309 3818 paradisum
2359 3737 2414 3800 ei
2464 3749 2532 3799 ut
2568 3748 2892 3817 operaratus
2923 3744 2976 3796 et

565 3842 908 3916 custodiretg
933 3839 1163 3901 indixit.
1234 3860 1343 3918 pro
1376 3852 1541 3902 tanta
1568 3859 1714 3901 uero
1742 3837 1988 3917 pristina
2003 3838 2274 3918 largitate
2297 3849 2358 3898 et
2378 3841 2694 3915 uoluptate
2711 3832 2968 3916 paradisi,

460 3948 540 4007 30
564 3957 984 4000 aerumnosam
1032 3937 1160 3998 eius
1207 3939 1334 3998 fore
1381 3937 1879 3998 sustentationem
1907 3937 1986 3999 de
2014 3947 2204 3997 terrae
2246 3937 2534 3997 fructibus
2572 3936 2968 3998 comminatur.

567 4055 707 4096 nam
751 4055 990 4114 prorsus
1036 4044 1104 4095 ut
1159 4033 1421 4095 mortalis
1476 4036 1685 4109 factm,
1731 4047 1790 4095 et
1832 4045 1979 4095 tunc
2017 4035 2278 4113 paradisi
2318 4035 2608 4097 {ructibus
2664 4034 2966 4113 indigebat,

666 4202 699 4252 6
730 4203 903 4253 uolens
925 4218 961 4250 n
1291 4211 1318 4263 7
1369 4199 1763 4250 adminationern
1785 4217 1824 4249 n
1854 4197 1862 4263 1
1890 4199 2116 4264 iungens.
2184 4216 2287 4250 non
2308 4202 2379 4250 ait
2400 4199 2430 4249 b
2483 4200 2623 4267 iung.
2648 4202 2784 4253 Deus
2804 4218 2854 4252 n.
2879 4214 2977 4265 ag

573 4282 632 4334 16
682 4300 770 4350 per
803 4282 1243 4348 transgressionem
1258 4297 1302 4346 g
1516 4296 1578 4345 23
1611 4281 1784 4331 omnia
1807 4282 1905 4345 (ast
1924 4281 2069 4342 haec)
2092 4282 2200 4332 add
2213 4283 2242 4331 b
2459 4298 2521 4347 ²5
2557 4292 2709 4349 atque
2732 4284 2840 4348 (sor
2855 4284 2922 4343 et)
2942 4281 2969 4330 b

568 4380 626 4430 31
664 4373 714 4416 et
736 4365 850 4429 (for
868 4366 943 4425 ut)
958 4381 1004 4429 g·
1063 4364 1134 4413 ita
1156 4379 1192 4411 n

698 4510 726 4537 ⁴⁵
760 4512 894 4560 Gen.
910 4512 1065 4575 ii.·17.
1262 4510 1299 4564 Ἰ·
1330 4511 1462 4561 Gen.
1480 4511 1610 4561 ix-6.
1815 4516 1849 4574 ,ἴ
1883 4512 2010 4564 Gen.
2039 4512 2112 4563 iii.
2148 4524 2205 4575 27
2226 4529 2298 4578 sq.
2489 4516 2518 4575 ὃ
2552 4512 2688 4565 Gen.
2701 4514 2754 4565 ii.
2776 4511 2849 4578 15.
