3142 5100
273 409 315 490 36
607 421 834 473 rnnooonus
858 420 1152 473 uorsunsrnnus
1361 406 1416 491 [V.
1436 424 1485 488 14

338 595 472 679 ‘itaque
490 595 566 659 illos
589 594 648 678 qui
670 594 844 659 doctrinae
861 594 1048 658 iniunctum
1071 613 1156 675 opus
1178 591 1302 657 habere
1327 591 1489 657 uidentur

272 695 416 781 plurimo
438 698 564 763 honore
585 698 706 782 dignos
726 699 927 775 existimate,
944 717 1012 761 non
1035 696 1233 762 resultantes
1255 697 1329 777 illis,
1346 700 1487 783 quando

272 820 333 863 uos
359 800 521 883 corrigere
550 797 706 883 cupiunt!
726 786 730 793 ’
750 799 815 863 hoc
845 800 934 863 enim
960 799 1060 864 dicit:
1089 811 1202 883 pacem
1225 799 1335 864 habete
1360 800 1396 863 in
1425 822 1488 864 eos.

272 919 352 963 nam
374 909 408 965 et
431 901 500 966 fieri
522 901 586 966 hoc
608 901 738 966 solebat
758 901 802 965 ab
819 901 885 965 illis
904 901 961 985 qu'i
982 900 1229 984 indisciplinate
1252 903 1420 979 uiuebant,
1438 901 1485 965 ad

240 1026 356 1100 5quos
376 1007 522 1072 scribens
546 1008 580 1072 in
602 1005 826 1091 superioribus
849 1005 981 1069 uidetur
1004 1006 1250 1069 contumaciam
1277 1024 1391 1069 eorum
1417 1005 1488 1086 sig·

274 1132 379 1188 nasse,
406 1113 565 1195 quoniam
588 1112 669 1176 dum
690 1109 923 1192 delinquentes
942 1108 1106 1191 corrigere
1126 1108 1307 1190 cupiebant
1328 1108 1487 1171 doctores

274 1216 331 1298 qui
362 1213 419 1278 illa
449 1214 617 1280 faciebant
645 1234 733 1297 quae
768 1233 835 1276 non
866 1212 1119 1288 conueniebam,
1149 1213 1250 1276 etiam
1285 1213 1417 1296 grauari
1448 1234 1487 1277 se

274 1322 449 1386 doctorum
479 1318 666 1403 arguitione
691 1315 941 1382 existimabant.
986 1315 1100 1398 sicque
1129 1316 1172 1379 ad
1204 1315 1278 1381 illos
1308 1316 1487 1400 disputans

275 1424 374 1487 uertit
390 1443 486 1487 suum
502 1442 691 1486 sermonem
706 1420 750 1485 ad
764 1421 928 1495 doctores,
945 1419 1079 1483 dicens:

222 1602 262 1649 10
338 1576 537 1640 obsecramus
556 1595 613 1638 uos
631 1584 747 1648 autem,
763 1572 906 1653 fratres,
922 1570 1077 1637 instruite
1099 1572 1365 1657 indisciplinatos,
1381 1597 1489 1641 conso·

274 1682 395 1746 lamini
400 1681 634 1765 pusillanimes,
649 1677 802 1743 sustimte
816 1677 971 1761 infirmos,
980 1677 1142 1759 patientes
1155 1689 1251 1744 estote
1263 1681 1312 1744 ad
1322 1702 1439 1747 omnes.

340 1816 560 1881 necessarium
586 1813 675 1877 enirn
698 1820 769 1876 erat
793 1822 828 1876 et
845 1810 907 1874 hos
931 1809 1100 1875 exhortari
1125 1819 1251 1875 utnon
1274 1811 1487 1878 discederent

276 1915 320 1980 ab
342 1938 443 2000 opere
463 1924 599 2001 propter
623 1914 834 1999 quorundam
856 1914 1112 1976 contumaciam.
1158 1913 1272 1977 omnia
1303 1935 1384 1980 uero
1406 1936 1488 1979 con·

327 2109 341 2144 ι
358 2095 489 2146 aestimate
511 2112 528 2145 ν
672 2113 688 2157 4
705 2091 751 2142 etsi
775 2089 833 2155 (sor
848 2088 883 2151 et)
897 2090 929 2140 H
940 2087 944 2151 Ι
957 2090 1054 2141 solebat
1069 2089 1096 2140 h.
1114 2108 1130 2141 r
1275 2107 1289 2155 5
1306 2091 1460 2157 significasse
1477 2091 1490 2139 1

276 2173 292 2224 6
309 2191 352 2226 eos
363 2177 413 2241 (ast
422 2176 485 2236 del.)
496 2176 549 2225 add
556 2175 590 2224 H
600 2173 605 2235 Ι
618 2175 733 2227 doctores
747 2188 791 2222 eos
804 2173 826 2220 C
828 2170 878 2220 *H
906 2172 1023 2222 doctunrs
1038 2188 1082 2221 eos
1099 2188 1116 2220 r
1202 2184 1216 2234 7
1233 2173 1398 2223 conueniebat
1412 2172 1451 2222 C*
1468 2170 1474 2237 Ι

275 2256 319 2321 qui
331 2256 472 2320 (beset'ram)
484 2256 536 2305 add
546 2255 585 2305 C*
596 2270 612 2302 r
675 2255 690 2303 8
701 2252 866 2318 arguitionem
881 2250 920 2299 C*
930 2265 947 2298 r
1009 2266 1026 2317 9
1042 2252 1075 2302 ad
1087 2253 1203 2302 doctores
1213 2268 1252 2302 om
1264 2252 1298 2301 H
1308 2249 1313 2315 Ι
1325 2251 1419 2302 docens
1430 2251 1491 2314 [sor

276 2334 371 2402 dicens)
381 2354 397 2386 r
463 2352 492 2388 ro
503 2347 588 2388 autern
598 2353 644 2388 uos
654 2353 671 2386 ν
738 2350 765 2385 ra
777 2333 853 2392 enim,
864 2340 890 2381 et
901 2347 940 2381 om
952 2349 968 2381 r
980 2331 984 2399 Ι
999 2335 1149 2386 discederint
1160 2332 1200 2386 C*
1269 2351 1297 2400 ¹³
1309 2335 1446 2385 corundam
1458 2335 1495 2384 H

276 2477 378 2544 ἡγεῖσθε
404 2482 456 2532 and
482 2483 634 2533 overlooked
663 2482 711 2532 rol.
762 2480 853 2543 Comp.
903 2484 948 2527 not
968 2476 1134 2543 (apparently)
1153 2478 1231 2529 Thdt.
1247 2478 1381 2528 Primasius
1396 2477 1488 2528 echoes

277 2563 375 2615 Τίεείι.8
390 2567 458 2617 adl.
493 2567 527 2616 In
542 2583 578 2616 eos
598 2567 632 2630 (ἐν
650 2554 747 2625 anion),
767 2562 856 2627 Vulg..
905 2560 995 2625 Chrys.
1018 2563 1079 2622 (and
1102 2559 1187 2625 Th?):
1220 2562 1294 2611 “hoc
1314 2561 1489 2612 sacerdotibus

280 2647 299 2671 ‘⁴
306 2662 363 2695 cum
375 2645 438 2696 eis.''
471 2645 520 2697 See
532 2646 574 2697 the
585 2654 644 2696 next
655 2655 714 2696 note
725 2646 769 2694 but
782 2659 838 2693 one.
904 2643 1143 2708 praecipit...nunc
1172 2643 1324 2709 praepositis
1366 2643 1488 2710 loquitur,

312 2742 335 2775 a.
362 2726 478 2792 plurimo
504 2725 746 2792 honore...rigrrasse]
780 2724 856 2775 cited
903 2726 1030 2791 hucusque
1044 2724 1139 2790 plebi.”

277 2808 311 2873 by
324 2809 456 2859 Lanfranc.
490 2810 539 2860 See
549 2810 627 2859 vuli.
940 2822 978 2857 ιο.
998 2807 1333 2873 immiteindtsczplinatos]
1348 2807 1488 2874 Vulg.and

311 2907 363 2940 non
379 2893 523 2942 resullames
540 2893 600 2952 illis,
621 2891 679 2953 dte]
703 2890 799 2941 thot:
823 2890 855 2938 δί·
905 2889 939 2939 0.
956 2890 995 2947 Ι·,.,
1011 2891 1151 2956 “corripite
1167 2891 1299 2956 inquietos
1344 2888 1387 2940 On
1404 2890 1486 2939 indis·

278 2975 426 3033 κιιον,.,μὴ
453 2970 590 3035 ἀντιλέγειν
617 2974 666 3023 τοῖς
690 2971 747 3034 παρ’
776 2968 856 3020 αὐτῶν
890 2969 962 3033 ‘cipt
975 2986 1018 3020 see
1034 2971 1125 3032 above,
1145 2988 1170 3037 p.
1186 2988 1224 3035 25,
1237 2972 1254 3022 l.
1270 2985 1308 3036 17,
1322 2981 1401 3034 note„
1425 2976 1488 3024 Sur·

279 3054 426 3113 λεγομένοις·
454 3058 526 3104 τοῦτο
552 3057 602 3118 γὰρ
623 3055 699 3116 λέγει·
724 3055 857 3115 εἰρηνεύετε
905 3054 1000 3113 tinctu
1017 3053 1286 3121 Vulg.‚“suscipite.”

252 3203 258 3210 Ι
279 3135 305 3183 ἐν
316 3134 405 3187 αὐτοῖς.
440 3138 476 3188 So
493 3137 640 3203 apparently
658 3137 692 3185 all
710 3136 753 3186 the
772 3134 858 3186 Greek
942 3148 978 3198 13.
1000 3136 1086 3186 omnia
1093 3144 1149 3186 uero
1159 3144 1336 3202 consequenter,
1345 3136 1405 3200 &el
1419 3140 1489 3190 ‘The

279 3225 479 3278 assumentium,
498 3220 580 3269 unless
596 3219 672 3268 Darn.
685 3218 706 3266 is
722 3225 749 3267 to
765 3218 798 3266 be
816 3232 858 3265 ex·
906 3218 1014 3282 Apostle
1032 3219 1083 3268 had
1104 3220 1205 3285 already
1219 3222 1288 3271 dealt
1306 3222 1332 3271 in
1352 3238 1368 3271 a
1384 3226 1487 3287 general

279 3298 382 3361 cepted;
405 3299 456 3347 and
477 3313 506 3347 so
525 3314 617 3362 among
630 3298 673 3347 the
696 3296 784 3346 Latins
806 3297 859 3344 Pri·
906 3315 963 3363 way
979 3300 1040 3350 with
1055 3301 1098 3351 the
1117 3318 1187 3351 cases
1207 3302 1237 3351 ol
1250 3301 1284 3368 (ι)
1301 3303 1345 3352 the
1361 3303 1487 3363 indolent,

280 3377 386 3427 masius:
407 3378 531 3428 “necum
549 3393 595 3442 pro
612 3378 697 3442 aliqua
713 3393 790 3428 causa
806 3393 858 3427 cor·
909 3383 944 3444 (a)
963 3382 1005 3432 the
1024 3383 1199 3440 disconsolate.
1228 3382 1261 3448 (3)
1281 3384 1325 3434 the
1345 3384 1488 3436 licentious.

280 3459 440 3524 riperentura
448 3459 626 3516 sacerdotibus,
633 3458 727 3510 inimici
736 3467 760 3508 et
768 3458 858 3523 ingrati
909 3465 959 3514 His
974 3473 1073 3528 present
1088 3465 1223 3516 directions
1244 3474 1274 3516 to
1293 3467 1336 3516 the
1353 3467 1490 3518 Thessalo·

280 3545 412 3593 existerent
420 3542 445 3600 ;'¹
457 3543 507 3591 and
517 3542 645 3592 Sedulius:
659 3542 728 3591 “etsi
736 3542 860 3591 contraria
907 3548 967 3598 nian
981 3548 1065 3612 clergy
1074 3548 1137 3597 refer
1151 3548 1225 3612 again
1240 3556 1267 3598 to
1282 3548 1325 3597 the
1337 3564 1406 3598 same
1418 3550 1490 3600 three

280 3624 368 3674 uestris
379 3624 491 3673 moribus
504 3621 639 3673 dixerim.”
670 3622 714 3672 On
728 3622 772 3671 the
786 3622 860 3671 other
907 3629 1007 3689 classes,
1029 3629 1087 3679 who
1103 3646 1146 3679 are
1162 3631 1326 3694 respectively
1340 3630 1490 3694 designated

280 3702 348 3752 hand
371 3703 504 3760 Ambrslfu
520 3703 578 3753 WhO
593 3702 665 3754 read-5
683 3703 773 3752 “infer
790 3701 859 3751 110⁵”
909 3712 931 3759 ol
939 3713 1046 3767 ιίτιικτιι,
1056 3713 1079 3759 ol
1085 3712 1241 3774 δλιγδψνχοι,
1250 3708 1402 3761 ottonom!
1409 3711 1489 3762 Thdt.

282 3784 469 3849 (delambit),
487 3785 573 3837 thinks
588 3786 648 3850 only
658 3786 688 3835 of
699 3786 795 3835 mutual
812 3785 860 3834 for·
908 3790 1007 3842 follows
1014 3791 1063 3842 this
1070 3793 1211 3858 exposition
1220 3792 1246 3842 in
1254 3800 1324 3858 part:
1342 3793 1491 3842 robrdrdx·

280 3867 403 3918 bearance
420 3875 535 3932 amongst
555 3867 598 3918 the
613 3867 727 3918 faithful:
748 3868 860 3932 “paclfi·
909 3890 975 3923 rour
990 3876 1044 3924 τοδι
1061 3871 1134 3937 ἀργίᾳ
1146 3875 1269 3939 συζῶντας
1286 3873 1360 3924 οὕτως
1372 3876 1492 3924 ἐκάλεσεν

280 3964 323 3999 cos
338 3964 381 3998 eos
397 3964 450 3999 esse
462 3946 598 3999 hortatur.'’
912 3956 1142 4019 ...ὀλιγοψύχους
1166 3958 1221 4006 rods
1237 3958 1277 4004 tat
1293 3958 1343 4006 τοῖς
1359 3959 1491 4006 τεθνεῶσιν

314 4034 339 4080 8.
367 4031 514 4095 arguitione]
526 4032 641 4081 Forexx.
651 4032 680 4081 oi
685 4032 734 4082 this
743 4031 860 4082 formsee
909 4037 1015 4101 ἀμέτρως
1036 4036 1181 4097 ἀθυμοῦντας
1209 4034 1378 4097 ὠνόμασεν-
1393 4040 1491 4105 adding

283 4113 393 4174 Rosam,
417 4115 494 4172 Itala,
514 4130 540 4179 p.
565 4127 610 4176 705
642 4115 763 4173 Paucker,
779 4116 859 4166 melet-
908 4120 1025 4170 however
1044 4118 1115 4180 (alter
1132 4116 1240 4183 Chrys),
1263 4117 1377 4170 ὡσαύτως
1401 4121 1427 4169 δέ
1448 4123 1492 4169 καί

282 4193 424 4253 aenean„
441 4210 467 4258 p.
485 4209 506 4257 7.
908 4201 963 4250 νοδι
981 4202 1016 4260 μὴ
1037 4197 1145 4261 ἀνδρείως
1167 4200 1285 4261 φέρονται
1303 4197 1351 4248 τῶν
1374 4202 1494 4250 ἐναντίων

315 4288 340 4339 9.
357 4275 652 4338 uertit...contumacnrm]
668 4275 860 4339 CitedbyLan»
907 4282 951 4331 τὰς
971 4283 1125 4344 προσβολάς..
1162 4282 1200 4346 By
1228 4281 1286 4331 ‘the
1301 4281 1390 4331 weak’
1409 4282 1492 4332 Thdt.

281 4355 359 4407 franc·
404 4356 529 4422 Similarly
550 4358 639 4421 Chrys.
669 4359 781 4418 (ἐνταῦθα
801 4362 861 4421 πρὸς
908 4360 1074 4409 understands
1089 4362 1144 4411 sotir
1165 4365 1199 4419 μὴ
1218 4361 1314 4422 ἑδραίαν
1332 4364 1493 4421 κεκτημένους

282 4439 337 4487 rubr
361 4436 480 4500 ἄρχονται
503 4440 663 4500 διαλέγεται),
685 4440 803 4489 followed
827 4442 860 4506 by
909 4443 999 4500 πίστιν,
1014 4442 1179 4492 andsomost
1191 4442 1220 4492 of
1229 4442 1272 4492 the
1283 4449 1490 4504 commentatore,

277 4522 345 4572 Oec.
363 4517 431 4583 (πρὸς
441 4521 495 4570 τούκ
509 4519 665 4570 διδασκάλους
681 4518 842 4583 ἀποτείνεται)
854 4540 861 4582 ;
908 4523 1055 4587 comparing
1067 4524 1142 4573 Rom.
1155 4523 1204 4572 xiv.
1219 4538 1240 4573 ι.
