3142 5100
265 405 307 467 24
597 397 826 448 insononus
850 394 1143 448 mopsuestenus
1289 379 1365 462 [IV.
1381 380 1480 443 6—8.

265 572 409 657 cupauit,
425 581 463 638 ut
477 571 585 636 maius
605 571 797 635 ostenderet
813 569 1037 653 usurpationis
1053 568 1157 653 ipsius
1173 567 1307 645 crimen,
1324 588 1367 633 eo
1385 567 1479 650 quod

265 685 299 739 et
325 674 414 756 apud
441 693 558 737 omnes
584 674 618 737 in
645 671 853 737 confessione
878 672 1062 737 deductum
1092 680 1158 749 est;
1189 672 1237 735 ita
1262 680 1300 734 ut
1329 691 1394 734 nec
1422 669 1481 732 de·

266 784 472 842 mortuorum
488 779 626 842 fratrum
650 796 790 841 uxorem
813 797 1016 861 quemquam
1038 776 1176 841 ulterius
1197 777 1348 860 accipere
1369 776 1480 839 liceat

266 881 387 945 deinde
403 892 437 947 et
452 882 486 945 in
501 882 655 945 timorem
670 881 821 963 redigere
835 880 973 963 cupiens
987 900 1045 943 eos
1060 880 1182 944 adicit:

236 1012 252 1082 5
331 1032 364 1076 eo
378 1010 465 1094 quad
476 1009 597 1073 uindex
608 1008 655 1072 sit
668 1007 832 1072 Dominus
845 1018 877 1072 et
890 1007 929 1072 de
942 1006 1091 1072 omnibus
1104 1007 1186 1071 istis.

331 1123 417 1187 bene
440 1121 479 1185 de
503 1121 650 1185 omnibus
673 1121 805 1196 adiecit,
831 1120 878 1184 ita
903 1129 941 1184 ut
967 1129 1001 1184 et
1024 1119 1139 1203 primis
1164 1118 1245 1183 illud
1273 1126 1412 1201 aptasse
1433 1117 1482 1179 ui·

266 1223 393 1288 deatur.
436 1231 472 1286 et
496 1224 616 1286 iterum
642 1222 736 1305 quasi
764 1230 964 1299 contestans,
992 1222 1152 1304 quoniam
1178 1231 1212 1285 et
1238 1221 1369 1285 dudum
1396 1218 1483 1282 haec

267 1326 385 1389 eadem
401 1324 535 1388 dixerat
550 1324 622 1399 illis,
640 1324 781 1388 adiecit:

331 1439 415 1504 sicut
427 1451 459 1504 et
464 1440 693 1524 praedicimus
708 1437 798 1503 uubis
810 1450 842 1503 et
854 1438 1022 1503 contestati
1034 1460 1156 1503 sumus.

216 1565 257 1615 10
333 1560 368 1617 et
382 1554 563 1617 ostendens
578 1551 736 1634 quoniam
753 1552 957 1615 necessarius
972 1551 1016 1616 sit
1031 1551 1095 1614 illis
1111 1561 1146 1615 et
1160 1551 1203 1615 de
1218 1549 1270 1613 his
1286 1570 1400 1613 sermo
1417 1573 1425 1612 :

333 1710 397 1753 non
411 1689 498 1753 mim
513 1687 642 1752 uocauit
655 1709 713 1752 nos
731 1685 823 1752 Deus
843 1687 880 1750 in
902 1686 1158 1764 immunditiam,
1174 1687 1233 1749 sed
1246 1686 1281 1749 in
1296 1685 1486 1769 sanctificu-

268 1791 396 1858 tionem.

335 1913 466 1994 ‘itaque
496 1910 523 1973 si
554 1912 597 1975 ab
626 1910 678 1974 his
708 1931 770 1975 nos
800 1910 1017 1988 continemus
1048 1919 1128 1976 tunc
1154 1910 1211 1973 illa
1236 1910 1368 1991 agimus
1393 1929 1487 1993 quae

269 2022 418 2077 nostram
442 2033 540 2094 agere
564 2014 766 2077 conueniens
791 2022 842 2078 est
868 2014 1100 2091 uocationem
1135 2011 1269 2076 uocauit
1295 2010 1386 2074 enim
1421 2030 1487 2073 nos

218 2133 253 2199 15
269 2118 311 2182 ad
342 2116 638 2181 sanctificationem
665 2117 884 2199 possessionis
909 2116 942 2179 in
973 2138 1040 2200 qua
1070 2126 1104 2181 et
1134 2116 1279 2180 existere
1306 2116 1338 2177 in
1366 2112 1487 2175 futuro

270 2240 441 2303 speramus
456 2221 597 2295 saeculo,
613 2221 749 2302 quando
764 2231 984 2303 exsurgentes
999 2230 1033 2284 et
1048 2220 1228 2303 incorrupti
1245 2219 1354 2283 effecti
1371 2240 1489 2303 neque
1558 2248 1559 2259 2

269 2342 407 2403 peccare
427 2321 564 2385 ulterius
583 2323 774 2403 poterimus,
792 2343 893 2406 quarn
917 2332 952 2387 et
972 2322 1095 2386 imitari
1118 2343 1179 2385 nos
1199 2324 1385 2384 secundum
1407 2342 1490 2404 pos·
1558 2402 1559 2407 ἵ

269 2424 463 2489 sibilitatem
480 2425 513 2488 in
529 2426 695 2507 praesenti
711 2426 868 2490 conuenit
884 2425 972 2489 uita)
1017 2427 1139 2490 deinde
1154 2426 1278 2490 adicit:

335 2552 442 2634 itaque
458 2552 517 2635 qui
534 2553 610 2616 mec
627 2554 751 2635 spernit
769 2575 832 2617 non
851 2540 1012 2617 hominem
1028 2552 1153 2636 spernit
1169 2554 1229 2617 sed
1245 2553 1363 2629 Deum,
1379 2553 1491 2636 quiet
1558 2546 1559 2550 ¹

216 2664 259 2713 20
269 2655 359 2720 dedit
374 2656 538 2738 Spiritum
552 2678 648 2721 suum
663 2668 810 2721 sanctum
827 2657 863 2720 in
879 2657 976 2722 uobis.

321 2814 331 2850 r
351 2799 470 2850 maiorem
485 2799 564 2849 C’H
573 2797 577 2864 Ι
591 2806 615 2849 et
628 2799 682 2862 (bes
685 2799 781 2866 usurp.)
795 2799 848 2848 add
858 2800 897 2851 C*
1004 2818 1017 2853 a
1035 2809 1061 2853 et
1071 2819 1110 2853 om
1121 2803 1155 2852 H
1165 2800 1169 2866 Ι
1183 2801 1327 2853 confusione
1338 2819 1356 2851 r
1367 2801 1489 2865 lmortu·
1558 2795 1559 2810 ³

269 2899 340 2932 omm
354 2882 459 2946 C(corr)
582 2899 596 2946 3
613 2900 689 2933 uxore
703 2882 738 2933 C*
752 2881 826 2947 (corr)
842 2888 846 2948 Ι
860 2885 961 2934 alterius
973 2901 989 2932 r
1112 2907 1128 2949 4
1145 2886 1235 2935 timore
1247 2883 1305 2949 (sor
1315 2885 1449 2950 timorem)
1460 2888 1495 2936 Η

268 2967 295 3015 iu
308 2966 395 3016 timore
409 2966 431 3015 C
528 2977 542 3029 5
560 2972 586 3015 et
595 2982 635 3015 om
646 2966 681 3015 H
776 2981 805 3029 13
822 2966 917 3030 egimus
929 2983 945 3016 r
1044 2969 1073 3017 18
1088 2968 1142 3017 uita
1152 2983 1226 3017 conu.
1238 2983 1255 3015 r

304 3104 326 3137 1.
359 3104 384 3138 eo
401 3088 466 3152 quod
483 3090 592 3153 etapud
603 3105 691 3149 omna,
706 3089 764 3150 dm]
798 3090 850 3139 ‘As
899 3086 964 3154 (mn.
984 3093 1042 3153 511)
1059 3091 1216 3142 condemned
1234 3090 1371 3153 marriages
1388 3089 1423 3139 of
1436 3089 1490 3140 this

269 3169 413 3233 everybody
420 3171 441 3219 is
449 3170 525 3234 ready
534 3177 561 3219 to
569 3169 672 3231 admit3'
687 3169 716 3219 cf.
729 3183 782 3235 1.p.
794 3186 849 3236 293,
898 3171 961 3221 kind
973 3172 1087 3236 together
1098 3172 1159 3222 with
1171 3173 1243 3221 those
1256 3170 1407 3221 contracted
1424 3172 1488 3221 with

269 3251 286 3299 l.
303 3266 332 3313 14
343 3264 379 3311 sq.
899 3254 1054 3303 ndeceased
1073 3254 1152 3303 wife's
1174 3254 1246 3304 sister
1266 3255 1332 3313 (can.
1354 3254 1405 3302 18:
1431 3257 1489 3303 “ne

302 3348 325 3381 a.
360 3331 396 3380 ita
407 3338 488 3380 utnec
498 3331 689 3390 deminuuntur,
700 3330 759 3391 dic]
783 3333 851 3380 Mar·
899 3343 1023 3398 superstes
1045 3334 1121 3383 frater
1148 3341 1230 3383 torum
1257 3333 1370 3383 defuncti
1400 3334 1489 3384 fratris

268 3414 337 3478 riage
344 3413 405 3463 with
413 3430 429 3463 a
437 3414 558 3463 deceased
566 3413 689 3464 brother's
696 3414 754 3463 wife
765 3429 815 3462 was
824 3413 849 3462 in
899 3415 1025 3475 ascendat,
1032 3430 1096 3464 neue
1105 3431 1132 3464 se
1140 3415 1272 3480 quisquam
1279 3415 1388 3465 amissae
1398 3417 1489 3465 uxoris

269 3492 341 3542 Th’s
355 3492 416 3541 time
430 3491 573 3555 prohibited
586 3490 620 3554 by
631 3492 674 3540 the
688 3490 736 3539 law
747 3491 810 3540 both
824 3490 854 3539 of
899 3496 978 3544 sorori
989 3497 1079 3546 audeat
1091 3495 1228 3558 sociare”).

269 3574 313 3625 the
340 3573 443 3624 Church
470 3573 521 3622 and
543 3572 573 3622 of
596 3573 638 3622 the
662 3572 780 3637 Empire;
809 3587 851 3622 see
932 3574 989 3623 ‘ibe
1010 3574 1104 3623 Corbio
1122 3582 1255 3632 corrector,
1273 3575 1330 3625 who
1350 3576 1413 3625 read
1434 3574 1489 3624 this

270 3653 374 3704 Smith's
391 3653 460 3701 Dict.
477 3652 508 3716 os
521 3652 581 3701 Cirr.
602 3652 708 3716 Amiqq.
726 3652 751 3700 ii.
778 3664 850 3715 17²7·
898 3655 950 3705 line
966 3657 996 3704 de
1011 3663 1082 3705 mort.
1092 3656 1175 3719 fratr.
1194 3672 1302 3714 uxorem,
1320 3657 1366 3706 has
1382 3663 1423 3706 set
1440 3657 1489 3706 the
1558 3663 1559 3666 ’

270 3737 325 3784 The
337 3733 514 3784 Ante-Nicone
526 3733 612 3797 Synod
621 3733 650 3782 of
659 3733 851 3782 Neo-Caesarea
898 3751 1024 3800 grammar
1038 3735 1104 3800 right
1122 3736 1227 3786 without
1241 3737 1334 3801 having
1349 3738 1440 3802 regard
1462 3747 1489 3788 to

270 3817 336 3876 (can.
358 3818 382 3876 α)
402 3815 495 3865 directs
516 3815 570 3866 that
591 3816 617 3865 in
635 3816 695 3866 such
715 3831 784 3865 cases
808 3815 851 3865 the
899 3817 942 3866 the
958 3832 1036 3866 sense.
1074 3818 1124 3866 For
1140 3818 1279 3866 &manuus
1293 3834 1334 3867 see
1349 3819 1485 3884 Liv.v.31

270 3910 369 3944 woman
378 3895 441 3944 shall
453 3896 485 3944 be
497 3895 594 3945 refused
606 3896 775 3946 Communion
786 3896 851 3945 until
902 3898 949 3946 “in
959 3899 1083 3947 demortui
1092 3898 1203 3954 locum;''
1213 3901 1262 3949 and
1269 3900 1302 3950 cf.
1311 3900 1354 3949 the
1361 3900 1457 3951 lexxs.
1463 3919 1487 3951 n.

270 3976 313 4025 the
325 3975 374 4024 end
387 3975 416 4024 of
423 3976 475 4036 life,
486 3977 536 4025 and
548 3976 601 4025 that
614 3976 656 4026 the
668 3977 780 4026 survivor
786 3976 851 4026 shall
932 3995 956 4044 9.
990 3982 1127 4043 contestati]
1144 3981 1219 4045 Vulg.
1235 3986 1251 4008 “
1262 3980 1417 4031 testificati.”

271 4060 362 4110 nothe
378 4057 519 4108 reconciled
536 4057 641 4107 without
659 4058 808 4122 submitting
824 4066 851 4107 to
935 4075 973 4124 15.
1007 4064 1043 4112 ad
1054 4071 1130 4114 sanct.
1143 4062 1256 4128 possess]
1267 4064 1309 4112 ἐπὶ
1319 4060 1356 4124 τῷ
1367 4062 1488 4126 ἁγιασμῡ

272 4158 357 4193 severe
378 4157 508 4207 penance:
531 4138 593 4202 γυνὴ
615 4142 658 4190 ἐὰν
678 4135 788 4201 γήμηται
810 4142 852 4188 δύο
899 4145 942 4204 τῆς
962 4146 1132 4205 sarmium
1152 4144 1174 4206 [Ρ
1193 4144 1223 4193 ef.
1246 4143 1310 4193 Acts
1327 4144 1371 4214 vii.
1393 4159 1417 4207 5,
1440 4159 1485 4207 45,

273 4227 393 4286 ἀδελφοῖς,
404 4223 851 4287 ἐξωθείσθὼμέχριθανάτου...ἐὰνδὲ
900 4222 997 4287 Vulg.].
1032 4224 1074 4274 On
1086 4222 1160 4274 Th.’s
1174 4222 1287 4273 doctrine
1302 4224 1331 4272 of
1342 4224 1386 4274 the
1402 4224 1487 4274 future

273 4304 409 4369 τελευτήσῃ
426 4306 442 4365 ἡ
457 4304 519 4366 γυνὴ
535 4307 562 4355 ἐν
577 4307 678 4366 τοιούτῳ
692 4306 765 4368 γάμῳ
780 4308 848 4366 οὖσα,
899 4312 964 4354 state
975 4305 1002 4353 in
1012 4305 1045 4354 its
1059 4306 1165 4355 relation
1178 4313 1205 4355 to
1216 4305 1258 4354 the
1275 4314 1384 4370 present,
1407 4323 1451 4357 see
1468 4318 1486 4355 r.

273 4385 327 4446 ἦτα
341 4386 355 4436 ὅ
367 4384 436 4448 ἀνήρ»
450 4384 567 4447 δυσχερῆ*
580 4379 616 4445 ι7(ιῖ
627 4385 734 4443 μείναντι
749 4384 765 4443 ἡ
778 4386 851 4442 μετά·
900 4406 942 4455 pp.
957 4389 1050 4439 lxxxiii.
1065 4405 1114 4454 sq„
1130 4403 1168 4453 77,
1186 4405 1239 4452 ¹33·

274 4486 334 4517 νοια.
357 4468 389 4517 In
398 4467 440 4516 the
448 4467 528 4523 West,
537 4466 580 4513 the
590 4463 641 4516 first
651 4465 697 4514 Co.
707 4465 737 4514 of
745 4464 852 4516 Orleans
934 4486 972 4520 nu
1011 4470 1039 4518 in
1060 4470 1138 4530 uobis]
1162 4470 1198 4520 So
1216 4469 1290 4533 Vulg.
1313 4470 1366 4519 and
1390 4471 1424 4522 Ο.
1453 4472 1482 4520 1,
