3142 5100
561 340 684 417 3¹8
1524 354 1910 405 APPENDIX
1955 357 2020 406 A.

558 523 924 611 inmutabilis
953 524 1204 587 omnino
1231 537 1293 588 et
1320 527 1400 588 ad
1429 529 1739 590 dexteram
1775 532 1994 592 sedens
2032 527 2168 603 Dei,
2198 527 2378 591 iudex
2408 540 2501 592 est
2527 528 2782 592 uniuersi
2805 527 2946 590 orbis

558 633 857 695 terrarum,
890 634 1099 702 utpote
1121 624 1183 684 in
1211 644 1286 685 eo
1314 625 1518 686 diuina
1546 636 1757 687 natura
1782 627 2038 689 faciente
2064 626 2371 688 iudicium.

794 782 883 821 11.
970 758 1128 843 [Act.
1163 764 1349 824 Cone.
1383 765 1504 826 CP.
1538 764 1594 824 ii.
1629 782 1708 825 lv,
1748 786 1816 825 12
1851 765 1994 842 (“et
2021 777 2160 843 post
2187 764 2385 843 alia’').
2465 766 2602 844 Vig.
2639 765 2751 849 12]-

678 874 776 935 Sic
810 874 987 952 igitur
1021 885 1083 936 et
1119 874 1236 949 hie,
1267 876 1703 953 sapientissime
1742 877 2032 951 omnium,
2063 879 2284 939 habere
2316 899 2426 938 nos
2456 879 2641 940 doces
2669 880 2938 941 Christum

562 992 792 1032 sensum
828 984 892 1032 ut
921 984 1194 1034 sanctum
1216 975 1502 1052 Spiritum
1531 977 1857 1037 habentem
1881 976 2046 1035 illum
2074 976 2177 1053 qui
2206 996 2417 1037 sensus
2446 977 2687 1038 Christo
2712 976 2939 1053 aliquam

500 1092 524 1144 J,
564 1088 836 1128 vum-turum
884 1069 1266 1147 adimplebat,
1314 1072 1695 1148 prudentiam
1728 1073 1782 1133 ei
1822 1084 2127 1150 praestans
2172 1073 2250 1132 ad
2297 1071 2504 1132 omnia
2547 1092 2698 1148 quae
2738 1072 2942 1149 agenda

560 1188 744 1228 *aaut*
776 1168 926 1227 aient
952 1177 1013 1227 et
1041 1166 1102 1225 in
1130 1168 1626 1243 praecedentibus
1655 1169 2213 1241 demonstrauimuS,
2244 1170 2408 1245 quod
2435 1170 2515 1229 ab
2559 1168 2689 1246 ipso
2727 1168 2940 1246 quidem

560 1268 616 1324 iu
652 1288 914 1326 casinum
942 1268 1021 1328 ad
1050 1267 1372 1327 certamina
1400 1287 1554 1344 quae
1577 1280 1784 1327 contra
1802 1267 2113 1329 diabolum
2135 1279 2304 1327 erant
2324 1268 2671 1340 ducebatur,
2691 1265 2942 1327 unctione

564 1384 756 1424 auu-m
812 1366 959 1424 illius
1007 1363 1315 1426 scientiam
1360 1377 1422 1426 et
1468 1366 1593 1426 uim
1625 1385 1829 1426 eorum
1870 1385 2025 1442 quae
2060 1367 2294 1443 agenda
2331 1378 2500 1426 erant
2539 1363 2865 1443 accipiebat,
2889 1374 2941 1424 et

564 1464 716 1520 illim
760 1462 1050 1539 particeps
1091 1463 1283 1521 factus
1322 1480 1446 1521 non
1474 1464 1670 1521 solum
1700 1463 1985 1522 miracula
2011 1461 2286 1534 faciebat,
2316 1462 2427 1521 sed
2456 1460 2636 1524 etiam
2665 1459 2942 1537 quomodo

467 1588 476 1618 'J
564 1560 644 1616 uti
676 1561 989 1632 r÷31s2=rtebat
1018 1558 1315 1618 miraculis
1343 1559 1570 1619 sciebat
1600 1559 1909 1631 subtiliter,
1938 1571 2003 1619 ut
2033 1572 2239 1620 notam
2270 1559 2520 1636 quidem
2547 1561 2762 1620 faceret
2784 1556 2946 1634 genti·

564 1660 672 1712 hm
716 1660 792 1732 ]·l*..
816 1668 1011 1730 tatem,
1046 1669 1348 1733 pateretur
1382 1668 1585 1716 autem
1628 1656 2023 1717 laborantium
2064 1656 2452 1728 infirmitateS,
2483 1668 2545 1717 et
2578 1657 2664 1718 sic
2702 1659 2772 1717 ad
2799 1657 2951 1716 effec-

564 1772 684 1812 izam
740 1774 907 1812 samm
950 1755 1325 1815 uoluntatem
1366 1756 1649 1815 educeret
1660 1776 1677 1828 3
1720 1767 1782 1814 et
1822 1753 2250 1815 iustificabatur
2290 1753 2435 1815 inde
2471 1766 2534 1816 et
2562 1755 2948 1815 immaculatus

564 1856 1003 1926 :fait-ridvhatur,
1054 1851 1180 1911 siue
1232 1850 1611 1929 separatione
1665 1851 1938 1929 peiorum
1987 1851 2116 1913 siue
2159 1851 2436 1912 custodia
2482 1853 2795 1913 meliorum
2837 1850 2949 1911 siue

564 1952 736 2008 utiam
776 1949 1058 2024 paulatim
1086 1950 1167 2009 ad
1195 1948 1442 2009 meliora
1469 1949 1853 2026 profectibus.

744 2100 820 2136 τε,
913 2075 1074 2158 [Fac.
1106 2076 1182 2137 iii.
1221 2098 1250 2136 2
1286 2075 1435 2156 (“in
1478 2097 1662 2156 opere
1703 2079 1871 2154 quod
1910 2089 2121 2140 contra
2159 2077 2572 2156 Apollinarem
2612 2079 2801 2142 edidit

1532 2175 1708 2237 tertio
1737 2177 1889 2237 libro
1901 2174 2002 2258 '’)].

463 2316 524 2348 ιε,
692 2288 1074 2346 Manifestum
1119 2297 1212 2346 est
1244 2286 1406 2348 enim
1447 2289 1616 2365 quod
1655 2290 2081 2349 samosatenus
2120 2291 2341 2349 Paulus
2379 2290 2700 2367 episcopus
2730 2288 2948 2365 quidem

564 2388 664 2444 suit
712 2387 1117 2446 ,iz-*tiochenae
1146 2385 1431 2447 ecclesiae
1462 2385 1694 2447 domini
1725 2385 1860 2458 Dei,
1890 2398 1951 2447 et
1979 2385 2286 2447 Theodoti
2314 2399 2517 2447 autem
2547 2398 2609 2446 et
2639 2386 2950 2446 Artemonis

564 2508 752 2540 vri-mm:
804 2496 1129 2562 aegrotans,
1161 2484 1263 2563 qui
1298 2504 1512 2563 purum
1561 2483 1870 2545 hominem
1915 2484 2191 2545 dixerunt
2236 2504 2366 2545 esse
2410 2485 2728 2545 dominum
2773 2486 2947 2545 Iesum

560 2584 884 2648 Flu-{atzmu
930 2602 1054 2642 non
1103 2602 1239 2642 eum
1285 2594 1786 2660 recognoscentes
1831 2586 2032 2644 Deum
2081 2584 2351 2643 Verbum
2407 2595 2467 2643 et
2526 2582 2590 2643 in
2647 2582 2951 2644 substantia

564 2704 596 2756 p
608 2700 664 2736 =·1·=
674 2680 792 2756 pria
832 2679 1041 2739 Filium
1075 2679 1194 2739 Dei
1222 2691 1361 2739 ante
1389 2681 1630 2741 saecula
1656 2700 1731 2741 ex
1759 2682 1897 2741 Deo
1927 2683 2102 2741 Patre
2128 2691 2375 2741 aeterno
2411 2691 2734 2741 extantem.

1612 2859 1794 2918 Boox
1840 2875 1918 2916 ιν.

772 3004 816 3037 1.
906 2976 1071 3061 [Fac.
1104 2977 1175 3038 ix.
1210 2999 1248 3052 4
1276 2978 1340 3059 (“
1364 2976 1427 3037 in
1469 2990 1684 3055 quarto
1725 2978 2009 3039 adversus
2048 2978 2458 3056 Apollinarem
2501 2978 2656 3040 libro
2674 2976 2775 3060 '’)].

459 3121 529 3153 :z
688 3101 796 3169 [Lim
813 3097 990 3155 uuam
1023 3104 1247 3155 autem‘
1266 3106 1325 3155 et
1358 3093 1520 3155 iuxta
1546 3112 1659 3153 nos
1689 3096 1874 3154 homo
1904 3094 2120 3154 dicitur
2147 3113 2219 3154 ex
2246 3091 2447 3153 anima
2475 3104 2537 3153 et
2563 3113 2816 3171 corpore
2838 3112 2952 3153 oon·

564 3213 732 3265 atat-u,
784 3209 840 3253 ut
886 3194 1037 3254 duas
1080 3192 1325 3270 quidem
1372 3193 1479 3252 has
1522 3191 1778 3252 dicimus
1816 3203 2073 3262 naturaS,
2114 3189 2375 3250 animam
2419 3201 2478 3250 et
2517 3210 2761 3268 corpuS,
2793 3210 2949 3251 unum

564 3317 700 3353 iar-mx]
752 3290 1054 3352 huminem
1096 3311 1168 3350 ex
1204 3291 1501 3350 ambobus
1549 3288 1957 3366 compositum
1968 3309 1986 3362 ;
2026 3300 2095 3350 ut
2137 3307 2562 3349 conseruemus
2611 3308 2798 3349 unum
2842 3306 2951 3349 esse

564 3409 768 3449 utrum
788 3409 894 3465 tue,
934 3400 1172 3466 oportet
1200 3387 1569 3447 confundere
1601 3399 1840 3447 naturas
1869 3397 1929 3446 et
1957 3397 2438 3447 reconuertentes
2466 3386 2666 3447 dicere
2697 3386 2948 3465 quoniam

564 3493 760 3545 unium
792 3507 925 3547 earo
956 3497 1046 3547 est
1073 3497 1133 3547 et
1163 3505 1299 3545 caro
1326 3484 1561 3546 anima?
1601 3495 1661 3545 et
1690 3483 1975 3559 quoniam
2003 3484 2105 3543 illa
2131 3482 2375 3560 quidem
2416 3483 2750 3545 inmortalis
2788 3497 2869 3544 est
2902 3496 2951 3542 et

459 3613 528 3665 ες
568 3585 880 3657 multamilia,
933 3604 1072 3645 caro
1120 3603 1263 3643 uero
1318 3580 1585 3643 mortalis
1634 3594 1695 3642 et
1749 3580 2136 3655 inrationalis»,
2180 3593 2665 3643 reconuertentes
2712 3583 2949 3644 dicamus

564 3685 700 3761 ..ium
756 3679 1080 3742 inmortalis
1128 3691 1218 3741 est
1264 3680 1527 3739 mortalis
1577 3690 1637 3739 et
1681 3678 2048 3740 inrationalis
2096 3677 2444 3738 rationalis?
2506 3679 2615 3739 sed
2662 3700 2852 3758 neque
2890 3697 2951 3738 ex

564 3781 760 3837 timim
796 3777 1078 3856 scriptura
1102 3779 1220 3837 hoc
1249 3776 1448 3837 edocti
1486 3795 1705 3851 sumuS,
1741 3795 1779 3836 o
1809 3773 2242 3853 sapientissime
2276 3772 2563 3848 omnium,
2597 3795 2794 3854 neque
2823 3774 2950 3834 alius

564 3881 704 3953 quia
724 3897 872 3950 luam
903 3876 1021 3935 hoc
1049 3873 1192 3934 dicit
1221 3892 1416 3950 neque
1443 3871 1506 3931 in
1537 3872 1897 3932 hodiernum
1934 3871 2096 3932 diem
2134 3890 2343 3931 eorum
2382 3871 2486 3948 qui
2523 3891 2738 3932 sanam
2775 3874 2950 3932 huma·

564 3997 696 4033 nam
748 3977 967 4033 liabent
1009 3982 1289 4043 mentem,
1334 3981 1567 4049 praeter
1608 3990 1719 4029 uos
1761 3968 1863 4046 qui
1905 3988 2012 4046 per
2053 3967 2256 4029 omnia
2296 3967 2439 4029 estis
2477 3970 2826 4042 dementes;
2864 3965 2950 4045 qui

459 4101 536 4149 jc}
564 4069 1070 4145 dispensationem
1098 4085 1252 4143 quae
1280 4078 1525 4144 propter
1553 4085 1666 4125 nos
1691 4067 1847 4125 facta
1875 4075 1964 4125 est
1992 4066 2328 4125 auferentes
2355 4065 2665 4126 ablatione
2693 4067 2948 4140 adsump-

564 4169 740 4225 tinnis
784 4164 1017 4237 mentis,
1047 4163 1107 4223 in
1149 4162 1340 4240 ipsam
1384 4174 1650 4222 mentem
1695 4161 1979 4222 iudicium
2022 4160 2348 4239 recepistiS,
2380 4163 2560 4222 totius
2601 4162 2950 4241 insipientiae

664 4317 688 4358 ρ,
724 4295 1140 4357 .2=.:⁷=5·iu:ntissimum
1176 4295 1226 4343 V
1246 4291 1254 4358 Ι
1282 4293 1468 4343 Christi
1497 4294 1604 4342 CV
1722 4310 1754 4352 4
1775 4291 2018 4340 habentes
2045 4292 2090 4340 C
2112 4290 2121 4354 Ι
2151 4292 2315 4341 sensui
2338 4293 2526 4342 Christi
2559 4294 2615 4342 V
2737 4308 2764 4356 5
2796 4292 2890 4342 eius
2919 4290 2954 4338 V

568 4397 588 4441 ῑ
628 4381 912 4425 untur-uem
949 4376 998 4425 V
1149 4390 1209 4438 13
1242 4375 1553 4439 reparatione
1589 4375 1638 4424 V
1776 4387 1836 4437 25
1872 4372 2150 4422 diceremus
2171 4374 2274 4424 edd.
2439 4388 2500 4437 30
2522 4375 2590 4423 ab
2614 4374 2837 4425 oratione
2856 4372 2952 4436 (sor

564 4461 660 4509 ΠΗΙΓ.
688 4461 808 4513 salal]
836 4458 939 4505 edd.
