3142 5100
1556 253 1557 288 l

241 344 285 422 96
577 347 806 402 rnnononus
831 348 1124 402 uorsnnsrnnns
1291 309 1295 318 ’
1325 336 1385 421 [ΙΙ.
1406 350 1454 417 15.

242 526 327 591 dens
342 525 433 611 quod
449 527 557 592 salute
577 527 680 610 digna
698 547 772 591 esse
794 527 927 592 uidetur
946 528 1122 611 progenies
1144 546 1204 609 per
1221 547 1277 590 eas
1299 523 1454 589 mulieres

243 648 330 710 quae
354 629 398 692 ad
421 630 583 711 pietatem
606 630 788 713 respiciunt
809 637 843 692 et
870 640 1069 712 permanent
1093 631 1126 693 in
1152 629 1219 692 fide
1245 637 1280 693 et
1305 627 1453 700 caritate,
1556 657 1557 710 j

244 751 374 796 necnon
389 742 423 797 et
446 732 709 796 sanctificatione
729 734 883 796 uiuentes
904 754 980 796 cum
1003 733 1172 815 pudicitia,
1188 742 1222 797 et
1244 732 1453 816 diligentiam
1556 731 1557 748 ¹

243 855 324 898 suae
339 835 537 901 adhibentes
553 838 651 901 uitae,
695 857 773 900 nam
797 836 887 920 quod
913 839 1011 913 dixit,
1025 839 1213 904 saluabitur
1221 850 1284 922 per
1296 836 1453 922 filiorum

212 954 227 1020 5
239 939 485 1020 gemrationem,
501 960 567 1002 non
583 939 626 1003 de
642 940 716 1003 Eua
732 939 822 1016 dicit,
838 941 898 1002 sed
914 939 956 1004 de
974 961 1095 1023 genere
1117 940 1282 1025 loquitur;
1306 943 1453 1027 eoquod

245 1048 279 1103 et
295 1039 337 1103 de
354 1062 476 1123 genere
491 1043 667 1125 disputans
687 1043 730 1106 ad
747 1063 907 1125 personas
922 1046 1059 1108 recurrit
1073 1044 1188 1109 Adam
1206 1055 1239 1110 et
1256 1047 1357 1124 Euae,
1375 1047 1454 1110 inde

245 1142 391 1222 probans
414 1142 505 1226 quod
530 1164 597 1206 non
622 1146 799 1208 conueniat
823 1145 867 1208 ad
893 1147 997 1210 instar
1018 1149 1163 1211 uirorum
1187 1149 1289 1212 etiam
1309 1148 1370 1212 has
1388 1148 1452 1212 sibi
1556 1215 1557 1234 χ

245 1256 357 1310 actum
388 1247 421 1309 in
451 1268 629 1311 commune
666 1248 844 1312 uindicare,
890 1259 924 1313 et
954 1270 997 1314 ne
1026 1252 1190 1315 incusatio
1220 1253 1350 1335 generis
1381 1271 1454 1316 esse
1556 1237 1557 1248 ἵ

246 1346 412 1413 uideretur
434 1348 516 1412 illud
539 1348 629 1432 quod
654 1351 698 1414 de
722 1351 871 1432 personis
898 1351 1079 1430 dicebatur,
1105 1354 1191 1417 bene
1215 1352 1362 1417 ostendit
1386 1371 1453 1415 non

192 1462 232 1512 10
245 1469 316 1511 esse
332 1450 499 1514 adiectum
514 1471 629 1534 genus,
645 1471 754 1534 neque
774 1454 1000 1536 reprobandas
1021 1455 1064 1518 ad
1085 1456 1246 1538 pietatem
1268 1475 1340 1518 esse
1358 1451 1455 1517 muli-
1556 1473 1557 1542 J

244 1571 315 1616 eres
333 1574 419 1636 quae
441 1553 559 1618 uolunt
581 1554 791 1638 diligentiam
814 1555 973 1620 adhibere
995 1560 1286 1636 conuenientium;
1308 1568 1345 1622 ut
1363 1559 1455 1622 dicat
1556 1585 1557 1588 ¹

188 1729 190 1731 ,
245 1660 403 1742 quoniam
431 1659 493 1723 ‘ad
522 1660 682 1742 pietatem
706 1658 858 1723 similiter
884 1660 1092 1743 recipiendae
1114 1672 1193 1727 sunt
1216 1663 1301 1726 sicut
1324 1662 1395 1736 uiri,
1419 1661 1453 1725 in
1556 1657 1557 1692 ⁴

244 1761 414 1826 communi
444 1782 523 1825 uero
553 1762 813 1844 congregatione
843 1764 1060 1844 posteriorem
1092 1784 1148 1827 eas
1177 1772 1311 1847 oportet
1342 1761 1453 1825 locum
1556 1813 1557 1846 i

245 1865 375 1929 tenere.¹
421 1873 455 1928 et
480 1864 571 1948 quod
598 1865 645 1927 ita
670 1862 791 1927 debeat
819 1864 897 1941 fieri,
924 1888 969 1930 ex
995 1867 1108 1931 multis
1136 1867 1170 1930 id
1195 1867 1336 1950 negotiis
1363 1887 1454 1930 com·
1556 1855 1557 1858 ¹

194 1985 230 2053 15
246 1960 407 2050 probauit.
466 1968 579 2050 sicque
613 1965 674 2050 [in]
706 1986 809 2029 sexus
846 1968 1020 2032 ecclesiam
1057 1970 1220 2046 diuidens,
1250 1978 1454 2033 memoratus
1556 2011 1557 2054 3

245 2075 299 2132 est
331 2070 486 2157 semotim
520 2070 656 2153 quidem
686 2072 841 2146 uirorum,
871 2072 1025 2135 semotim
1056 2092 1136 2136 uero
1167 2070 1362 2150 mulierum;
1395 2069 1454 2134 ubi
1556 2069 1557 2096 ³

247 2175 337 2238 uisus
359 2182 410 2237 est
432 2173 601 2236 communi
624 2173 859 2238 exhortatione
884 2174 985 2238 etiam
1010 2195 1048 2238 ea
1073 2175 1200 2239 dixisse
1220 2196 1306 2258 quae
1321 2176 1454 2259 proprie

296 2360 309 2411 7
327 2347 359 2397 ad
372 2345 426 2410 (bes
429 2348 517 2406 instar)
528 2362 566 2395 om
582 2347 604 2395 C
617 2349 692 2408 (corr)
794 2362 823 2397 ιο
840 2347 976 2412 reprobans
990 2348 1012 2397 C
1018 2347 1053 2397 H
1056 2365 1072 2396 r
1188 2364 1217 2398 ιτ
1235 2348 1302 2413 quod
1322 2348 1379 2411 (sin
1390 2362 1454 2412 quo·

190 2441 192 2444 ’
245 2429 324 2490 niam)
336 2427 369 2492 νΙ
384 2428 439 2479 sim.
457 2428 526 2493 adp
542 2427 592 2477 H*
606 2428 611 2492 Ι
625 2431 689 2479 sient
706 2436 731 2479 et
741 2446 766 2479 u.
778 2446 795 2477 r
927 2444 955 2494 ¹5
973 2430 999 2478 in
1010 2444 1049 2478 om
1066 2429 1127 2480 CH
1131 2446 1147 2478 ν
1286 2428 1316 2479 16
1331 2444 1453 2489 seorsum,
1556 2435 1557 2480 l

247 2526 358 2562 seorsum
370 2509 428 2577 (for
437 2525 508 2568 sem,
520 2508 591 2575 sem.)
603 2528 619 2560 r
718 2524 747 2575 17
765 2513 866 2563 eemH
1556 2503 1557 2510 ¹

248 2656 319 2704 “nec
335 2653 368 2703 de
385 2653 441 2702 Eua
455 2652 505 2702 hoc
524 2652 596 2710 dixit,
619 2653 662 2701 sed
685 2653 717 2702 de
732 2668 824 2716 genere
874 2661 959 2703 rantur
981 2652 1120 2717 perfidem
1142 2651 1265 2714 Christi;”
1294 2653 1376 2717 Aug:
1400 2655 1458 2703 “en

245 2733 380 2800 loquitur.”
875 2748 939 2798 quae
960 2735 1076 2784 dicuntur
1093 2741 1164 2799 opera
1186 2736 1248 2785 horta
1265 2741 1393 2799 tamquam
1411 2733 1458 2783 filii
1556 2752 1557 2787 ῖ

279 2830 303 2879 5.
336 2831 387 2864 rum
403 2815 432 2864 de
446 2816 509 2864 Eua
522 2814 598 2876 dixit]
618 2815 709 2866 Thdt.:
726 2812 753 2864 ori
769 2814 825 2875 περὶ
875 2822 932 2863 sunt
952 2815 1019 2864 uitae
1034 2824 1133 2864 nostrae
1143 2813 1167 2873 ;'’
1193 2815 1316 2877 Pelagius,
1335 2814 1458 2864 followed
1556 2836 1557 2885 ν

245 2898 287 2958 τῆς
307 2899 370 2948 Εὔας
387 2900 443 2959 ἔφη,
463 2893 528 2945 ἀλλὰ
543 2898 598 2959 περὶ
619 2893 663 2944 τοῦ
684 2893 825 2956 remetieris
875 2895 910 2959 by
924 2896 1009 2946 Sedul.
1023 2896 1108 2946 Scot:
1127 2898 1198 2960 “per
1213 2896 1373 2961 baptismum,
1385 2896 1458 2960 quod
1556 2894 1557 2905 ¹

246 2982 347 3042 φύσεως.
872 2983 913 3025 est
922 2974 1029 3025 filiorum
1038 2975 1174 3040 generatio,
1184 2976 1239 3040 ipsa
1253 2975 1390 3025 selnabitur
1404 2990 1459 3026 non
1556 3026 1557 3045 p

278 3062 335 3111 The
346 3060 534 3125 interpretation
546 3059 575 3109 ol
592 3058 633 3108 hd
651 3059 694 3118 τῆς
711 3075 823 3118 remo-70·
876 3058 940 3115 Eua,
952 3058 997 3107 sed
1007 3058 1112 3107 credens
1124 3056 1237 3107 mulie1.”

246 3141 295 3190 elas
311 3139 456 3189 mentioned
473 3140 508 3203 by
526 3138 622 3203 Thpht.
643 3137 714 3202 (τινὲς
732 3139 758 3187 δὲ
781 3140 824 3187 οὐκ
910 3152 948 3187 to.
982 3139 1156 3203 reprobandas]
1174 3139 1222 3189 See
1238 3156 1278 3188 vv.
1296 3139 1324 3189 11.
1357 3140 1402 3188 An
1421 3137 1459 3188 al·

246 3220 291 3272 οἵδ’
312 3223 376 3271 ὅπως
397 3222 549 3282 removte»
573 3221 674 3280 ἐνόησαν
694 3219 746 3278 τὴν
774 3219 824 3279 τῆς
875 3220 996 3270 ternative
1018 3223 1157 3271 correction
1180 3223 1264 3272 would
1287 3223 1318 3272 be
1341 3229 1367 3271 to
1392 3221 1459 3272 omit

247 3303 398 3369 θεοτόκου)
425 3305 476 3354 and
504 3305 617 3354 ascribed
645 3305 671 3353 in
700 3301 824 3353 Cramer's
874 3318 921 3351 esse
931 3302 993 3351 alter
998 3303 1121 3367 pietatem.
1138 3303 1268 3352 Adiectum
1279 3317 1337 3367 may
1347 3303 1460 3369 perhaps

246 3396 335 3437 catena
349 3396 375 3436 to
390 3404 423 3437 an
438 3403 593 3452 anonymous
610 3387 699 3436 author
712 3386 763 3443 (vii.
778 3401 822 3435 22:
875 3384 907 3433 be
919 3400 951 3433 an
962 3400 1030 3434 error
1040 3384 1079 3433 lor
1089 3384 1215 3433 abiectum.
1556 3434 1557 3453 ἶ

246 3471 320 3520 ἄλλον
334 3473 416 3532 φησίν·
434 3468 536 3535 σώζεται
555 3468 584 3518 τὸ
595 3471 729 3532 γυναικεῖον
743 3471 821 3531 γένος,
911 3480 949 3514 η.
982 3466 1018 3514 ad
1027 3465 1144 3528 pietatm
1166 3463 1293 3526 simililer]
1314 3463 1363 3513 See
1384 3474 1406 3512 1.
1430 3477 1459 3527 p.
1556 3458 1557 3505 l

247 3553 288 3601 καὶ
306 3552 376 3600 πᾶσα
395 3554 421 3601 δὲ
439 3551 455 3611 ἠ
473 3553 521 3599 τῶν
533 3549 665 3613 ἀνθρώπων
683 3551 762 3612 φύσις,
788 3548 826 3598 διὰ
875 3558 931 3609 245-

246 3631 291 3681 τοΰ
317 3633 343 3692 ἐξ
374 3633 446 3691 αὐτῆς
474 3629 536 3681 κατὰ
574 3630 652 3694 σάρκα
683 3632 825 3689 τυπτομένου
912 3627 949 3676 16.
985 3626 1247 3687 semotim...semotim]
1280 3627 1304 3675 A
1328 3642 1383 3676 rare
1406 3629 1461 3679 and

247 3710 364 3777 Χριστοιῆ
376 3714 441 3763 finds
455 3730 489 3763 no
505 3715 577 3779 place
589 3714 615 3762 in
627 3713 670 3763 the
686 3718 826 3762 comments
876 3707 927 3758 late
943 3707 1007 3757 lorm
1023 3707 1062 3757 sor
1077 3715 1171 3770 semote,
1184 3707 1256 3758 itselt'
1269 3708 1299 3757 ot'
1312 3708 1461 3773 infrequent
1556 3712 1557 3755 l

247 3796 277 3847 os
284 3797 326 3846 the
338 3795 517 3855 Antiochenes‚
532 3795 653 3861 towhose
673 3796 776 3845 method
796 3797 826 3846 ot'
875 3803 928 3836 ¹1⁵0·
963 3789 1081 3838 Rabanus
1100 3789 1146 3838 has
1168 3789 1317 3838 substituted
1336 3803 1369 3837 an
1390 3788 1462 3838 ordi·
1556 3788 1557 3791 ’

247 3879 357 3944 exegesis
368 3878 388 3927 it
398 3894 449 3927 was
460 3877 526 3926 alien
536 3895 544 3938 ;
561 3878 611 3926 and
620 3877 676 3926 thus
688 3879 820 3928 discarded
875 3885 937 3934 nary
948 3870 1017 3919 word
1024 3888 1032 3931 ;
1048 3885 1089 3919 see
1101 3886 1142 3918 vv.
1154 3871 1181 3919 ll.

246 3962 280 4025 by
287 3962 329 4010 the
340 3968 409 4025 great
425 3960 531 4009 Eastern
546 3960 693 4023 expositos,
711 3960 731 4010 it
749 3960 825 4010 sailed
908 3951 954 4001 ubi
968 3951 1038 4000 uuus
1053 3958 1095 4010 cst,
1109 3950 1165 4012 &cd
1198 3951 1253 4000 The
1268 3951 1396 4002 reference
1413 3968 1462 4018 ²1³·

247 4050 274 4092 to
283 4042 341 4106 gain
353 4057 385 4090 an
397 4049 514 4091 entrance
525 4041 578 4090 into
590 4040 633 4089 the
653 4040 732 4090 West.
769 4041 825 4091 The
876 4049 949 4097 pcars
964 4040 991 4084 to
1008 4033 1041 4083 be
1057 4040 1083 4082 to
1100 4032 1265 4100 eii.9,1o;
1284 4032 1411 4097 cl.p.93,
1431 4036 1462 4085 ll.

247 4123 322 4172 Latin
343 4122 443 4178 fathers,
465 4121 589 4180 however,
615 4120 679 4170 from
698 4122 822 4171 Ambrstr.
875 4116 967 4165 8-11.
1001 4114 1092 4165 ‘Some
1114 4113 1144 4163 ol
1163 4113 1206 4162 the
1228 4110 1300 4176 Ap.'s
1320 4113 1463 4168 directions

246 4204 402 4263 downward,
412 4203 539 4266 generally
550 4200 705 4250 understood
715 4201 758 4250 the
769 4216 824 4266 pas·
875 4197 938 4246 with
949 4197 1038 4262 regard
1050 4205 1076 4246 to
1087 4196 1130 4246 the
1141 4193 1249 4246 conduct
1261 4195 1290 4244 of
1301 4210 1405 4245 women
1416 4213 1464 4248 are

247 4298 305 4346 sage
323 4283 349 4331 in
371 4297 387 4330 e
408 4281 522 4345 mystical
545 4296 625 4337 sense,
647 4280 744 4347 though
766 4282 825 4346 they
875 4280 986 4329 inaless
994 4279 1084 4343 degree
1092 4279 1234 4344 applicable
1242 4288 1269 4330 to
1281 4295 1352 4353 menj
1370 4281 1464 4334 others

247 4361 350 4411 differed
367 4361 496 4425 widelyas
512 4368 539 4410 to
555 4361 641 4410 detail.
675 4362 746 4411 Thus
762 4362 825 4411 Am·
877 4360 940 4425 (eg.
958 4361 1019 4410 cii.
1039 4374 1076 4417 ιι,
1095 4358 1134 4424 ιτ)
1151 4361 1245 4425 belong
1260 4362 1416 4429 exclusirely
1434 4373 1463 4416 to

246 4443 320 4491 brstr.
332 4458 401 4506 says:
422 4442 493 4490 “hos
504 4442 569 4492 tilios
584 4442 644 4491 dicit
662 4444 705 4506 qui
724 4459 825 4507 regene·
874 4443 917 4493 the
932 4442 1022 4493 female
1033 4442 1093 4492 sex!
