3142 5100
445 378 487 428 nv
513 379 565 431 nr.
587 364 928 431 uu'rrrruuuorvsu.
980 338 983 343 ⁴
1236 368 1296 446 265

104 550 286 632 specialibus
308 551 439 633 scriptis
459 551 576 614 similis
599 551 706 614 honor
726 572 745 614 a
769 551 874 614 Paulo
893 558 927 614 et
947 549 1026 614 uiris
1049 558 1083 614 et
1106 550 1300 615 mulieribus

104 655 295 735 praebeatur,
318 652 396 718 licet
426 655 459 716 in
487 656 655 718 communi
678 654 837 717 ecclesiae
860 653 975 717 ordine
998 674 1059 736 pro
1087 655 1158 736 ipsa
1180 654 1300 717 hunes-

105 766 165 820 tate
189 768 222 820 et
242 759 358 821 ordine
382 759 512 821 decenti
536 760 683 822 secundo
710 760 742 821 in
771 758 845 821 loco
871 757 953 821 uelit
979 778 1035 821 eas
1066 779 1138 821 esse
1167 766 1202 821 et
1233 777 1299 819 non

104 863 213 925 debere
241 881 399 943 usurpare
429 860 503 924 illas
533 882 632 943 agere
655 861 843 925 functiones
869 881 952 943 quas
975 860 1036 923 uiri
1063 881 1162 943 agere
1184 861 1300 923 uiden-

104 950 174 1026 tur(
211 965 399 1045 specialiter
428 985 507 1028 uero
544 965 691 1029 scribens
728 975 897 1048 exaequat
926 984 983 1028 eas
1013 965 1047 1028 in
1077 965 1203 1028 honore
1232 965 1300 1028 suis
1338 981 1354 1047 5

106 1068 193 1143 uiris3
215 1069 304 1151 quod
321 1077 355 1131 et
372 1065 553 1131 Corinthiis
577 1089 677 1151 super
701 1068 764 1131 hoc
786 1070 932 1131 scribens
959 1067 1075 1133 secisse
1097 1070 1237 1146 uidetur,
1255 1069 1301 1131 ita

105 1180 216 1234 utnon
238 1172 392 1234 uideatur
414 1170 699 1253 contemplatione
720 1172 845 1234 ordinis
863 1169 931 1253 [eas
948 1171 1186 1255 exaequasse];
1209 1174 1303 1236 deni-

105 1294 162 1356 que
175 1276 292 1339 adiecit
306 1299 313 1338 :
335 1285 557 1337 uerumtamen
573 1296 670 1357 neque
684 1275 742 1340 uir
758 1275 830 1338 sine
843 1276 976 1339 muliere
990 1297 1087 1358 neque
1102 1277 1221 1340 multer
1232 1277 1303 1340 sine

105 1377 169 1439 uiro
193 1378 225 1439 in
251 1378 402 1440 Domino.
446 1377 509 1440 hoc
532 1398 611 1440 uero
635 1380 668 1440 in
692 1377 765 1441 loco
788 1380 862 1461 quis
886 1379 1004 1442 melius
1027 1379 1109 1443 haec
1134 1383 1206 1464 ipsa
1224 1404 1301 1465 cog-

105 1501 226 1546 noscere
240 1483 373 1564 poterit,
388 1502 464 1544 cum
481 1482 668 1546 consideret
691 1481 828 1546 beatum
851 1482 991 1546 Paulum
1013 1505 1089 1547 cum
1107 1485 1301 1549 Philemone
1320 1511 1359 1560 10

105 1588 194 1650 etiam
210 1588 278 1651 eius
294 1606 436 1649 uxorem
453 1587 487 1648 in
502 1588 570 1648 suis
589 1587 719 1667 scriptis
743 1588 776 1650 in
793 1588 999 1669 praelatione
1020 1590 1178 1670 posuisse.

161 1691 234 1753 licet
248 1710 329 1753 uero
345 1688 535 1752 uolentibus
556 1686 780 1752 humilitatem
796 1690 939 1772 apostoli
955 1693 1163 1774 praespieere
1179 1715 1223 1757 ex
1239 1694 1303 1759 hac

104 1791 167 1875 ipsa
182 1793 332 1875 epistola,
348 1795 435 1857 sicut
457 1813 523 1857 non
540 1794 607 1856 cito
623 1793 702 1857 alibi
718 1797 954 1876 praespicitur;
979 1816 1056 1859 nam
1078 1798 1111 1859 in
1137 1801 1302 1880 praesenti

105 1897 232 1979 epistola
247 1899 323 1980 quis
339 1898 386 1960 sic
407 1897 614 1960 insuadibilis
635 1908 693 1961 aut
714 1898 863 1962 animum
882 1899 1009 1963 habens
1031 1902 1222 1965 induratum
1245 1903 1302 1985 qui

105 2019 163 2062 non
181 2001 370 2076 demiretur,
389 2002 528 2065 Paulum
552 2012 622 2066 tam
645 2024 804 2086 magnum
829 2013 862 2068 et
886 2007 1095 2088 perspicuum
1113 2026 1171 2088 per
1190 2007 1303 2070 omnia
1321 2030 1356 2097 ¹5

104 2114 263 2169 extantem
289 2114 324 2169 et
345 2106 523 2168 uirtutibus
549 2107 684 2188 pietatis
708 2108 864 2170 omnibus
891 2109 1133 2189 propemodum
1160 2108 1303 2172 homini-

104 2208 157 2272 bus
179 2209 434 2291 praecellentem
456 2211 572 2274 uidens
593 2211 757 2293 discipulo
771 2232 833 2274 suo
852 2231 927 2274 cum
947 2220 1041 2275 tanta
1062 2214 1204 2276 scribere
1224 2235 1303 2296 sup-

105 2314 268 2396 plicatione
297 2315 342 2377 ob
367 2313 593 2396 praebendam
617 2334 714 2378 seruo
736 2315 893 2376 ueniam?
920 2323 954 2377 et
980 2315 1043 2378 hoc
1061 2336 1128 2378 non
1149 2317 1303 2397 apostolo

103 2421 255 2483 existente
279 2419 338 2481 sed
371 2417 442 2479 uiro
472 2415 561 2479 fideli
592 2425 626 2480 et
657 2417 804 2479 moribus
827 2426 955 2493 ornat0,
979 2438 1191 2483 communem
1216 2420 1303 2484 hanc

103 2534 280 2607 exequente
297 2524 413 2599 uitam,
429 2523 515 2585 sicut
534 2532 583 2584 est
605 2522 638 2585 id
662 2520 819 2604 colligere
839 2542 883 2585 ex
905 2521 969 2586 illis
992 2524 1112 2606 quibus
1134 2527 1248 2592 scribit
1264 2528 1303 2606 ei,
1319 2555 1360 2603 20

103 2650 170 2692 cum
194 2649 301 2692 uxore
325 2637 360 2690 et
386 2625 535 2690 filio-et
557 2627 693 2708 quidem
720 2638 754 2690 et
775 2626 839 2689 hoc
863 2628 906 2690 de
929 2649 1046 2707 seru0;
1078 2650 1222 2713 namque
1246 2633 1302 2714 qui

103 2733 209 2795 eodem
240 2741 393 2813 ternpore
423 2737 518 2793 erant
555 2729 693 2811 perlecti
727 2729 770 2792 ab
800 2728 852 2792 his
885 2732 1041 2795 omnibus
1071 2743 1166 2796 erant
1195 2733 1303 2799 alieni.

132 2918 158 2950 a
173 2902 229 2951 licet
246 2903 273 2951 in
288 2917 310 2951 c.
326 2901 388 2951 eccl.
405 2901 537 2964 [40rdine
549 2899 592 2961 II]
603 2916 657 2950 esse
672 2906 697 2948 et
708 2916 759 2948 non
771 2899 863 2949 debere
874 2900 947 2964 proi
962 2900 988 2948 h.
1001 2908 1025 2950 et
1037 2916 1061 2949 o.
1073 2901 1099 2949 d.
1111 2916 1161 2950 sec.
1174 2901 1200 2951 in
1212 2902 1228 2952 l.
1243 2904 1304 2954 uelit

102 2997 138 3031 eas
150 2982 202 3048 (sor
212 2985 406 3043 licet...debere)
422 2985 444 3034 C
454 2985 487 3032 H
608 3003 623 3045 4
639 2999 712 3047 agere
731 2983 777 3031 uiri
789 2983 823 3030 H
953 2995 966 3044 7
983 2983 1083 3031 uidetur
1093 2984 1125 3031 H
1135 2982 1139 3045 Ι
1155 2999 1304 3048 exaequasse

102 3079 135 3111 om
148 3065 210 3114 CH
350 3080 380 3114 ro
396 3065 569 3115 Philemonem
583 3066 615 3114 H
756 3079 785 3126 14
802 3063 834 3112 sit
847 3059 895 3128 (ast
905 3062 1012 3125 insuad.)
1025 3062 1078 3110 add
1089 3064 1110 3113 C
1121 3063 1194 3125 (corr)
1241 3073 1279 3115 est
1290 3082 1306 3114 r

105 3161 129 3208 ¹7
145 3156 195 3197 tota
206 3150 265 3214 (sor
275 3150 355 3209 tanta)
368 3165 384 3198 r
482 3163 514 3198 ro
524 3156 688 3213 exequentem
702 3146 766 3196 CH
773 3162 789 3193 r
887 3158 914 3192 nr
935 3160 993 3193 nam
1004 3145 1038 3193 H

133 3295 152 3328 1.
184 3281 275 3330 simile}
285 3281 371 3337 honor,
379 3279 437 3342 dre]
455 3279 495 3329 cf.
509 3292 537 3329 ιι.
552 3295 595 3343 pp.
609 3293 638 3344 91
646 3306 674 3315 -
723 3276 799 3325 much
811 3283 886 3326 stress
896 3293 928 3326 on
940 3279 982 3327 the
992 3277 1067 3328 social
1079 3278 1267 3329 subordination
1279 3282 1308 3331 oi

102 3371 145 3422 973
164 3374 206 3422 ¹⁵3
217 3375 253 3423 sq.
262 3376 270 3419 ;
288 3357 368 3421 infra,
383 3373 408 3422 p.
422 3356 477 3423 269,
493 3358 508 3405 l.
525 3372 583 3421 rsq.
723 3376 830 3420 woman,
851 3360 882 3409 he
899 3359 962 3408 adds
978 3375 994 3407 a
1009 3360 1097 3423 suving
1114 3361 1203 3420 clause,
1221 3361 1304 3412 which

131 3456 152 3489 r.
179 3442 232 3490 licet
243 3443 272 3490 in
283 3440 419 3496 communi,
431 3440 488 3500 dte]
507 3439 592 3488 Pitra:
610 3442 626 3464 ‘⁸
635 3438 672 3486 in·
724 3441 987 3506 affirmsherspiritual
997 3440 1124 3506 equality.’
1147 3442 1186 3492 Cf.
1199 3443 1303 3508 Chrys:

102 3525 231 3573 terturbata
261 3523 378 3573 nonnihil
406 3524 454 3571 ista
481 3523 534 3571 uisa
562 3530 618 3571 sunt
647 3521 674 3570 in
724 3521 809 3582 ἐπειδὴ
828 3524 877 3585 γὰρ
899 3519 994 3581 πολλὴν
1017 3519 1139 3585 ὑπεροχὴν
1161 3525 1249 3572 ἔδωκεν
1269 3521 1305 3587 τῷ

102 3605 206 3656 oodice.''
240 3607 297 3655 The
317 3605 399 3654 words
420 3621 467 3653 esre
484 3611 506 3652 ct
524 3620 575 3651 non
594 3604 675 3652 debere
724 3601 798 3665 ἀνδρὶ,
818 3602 893 3652 εἰπών
910 3601 948 3652 ὅτι
965 3606 990 3664 ἐξ
1006 3602 1079 3654 αὑτοῦ
1095 3604 1111 3665 ἠ
1127 3603 1196 3666 γυνή,
1212 3608 1251 3654 καὶ
1264 3605 1304 3658 ὅτι

102 3686 159 3737 have
176 3690 239 3740 been
257 3690 310 3739 first
327 3688 440 3745 omitted,
459 3689 509 3737 and
529 3688 698 3760 afterwards'
725 3684 755 3731 δι’
778 3683 851 3733 αὐτὸν
874 3687 914 3733 rut
936 3683 977 3734 ὑπ’
1000 3685 1083 3735 αὐτόν’
1107 3687 1145 3734 ἶνα
1166 3685 1229 3746 μήτε
1250 3691 1304 3739 τοὺς

101 3771 209 3836 replaced
220 3773 247 3822 in
259 3773 301 3822 the
313 3788 400 3835 wrong
411 3772 480 3832 line;
496 3771 527 3821 ct.
543 3783 561 3819 1.
576 3787 600 3835 p.
617 3768 673 3827 216,
723 3762 807 3827 ἄνδρας
837 3768 916 3830 ἐπάρῃ
946 3769 1022 3816 πλέον
1052 3766 1095 3817 τοῦ
1118 3770 1217 3829 δέοντος,
1241 3768 1304 3829 μήτε

102 3851 118 3898 l.
133 3867 166 3914 14,
180 3861 248 3902 note.
724 3849 815 3898 ἐκεῖνος
841 3847 989 3910 ταπεινώσῃ,
1012 3847 1056 3912 ὅρα
1079 3848 1128 3898 reis
1149 3851 1237 3913 ἐπάγει
1259 3850 1304 3911 τὴν

132 3947 153 3994 7.
179 3932 329 3998 exaequasse]
355 3932 431 3983 Some
445 3932 505 3980 such
518 3931 577 3980 verb
594 3931 615 3979 is
632 3946 674 3979 ne·
725 3928 858 3991 διόρθωσιν,
883 3931 965 3989 λέγων
983 3930 1061 3989 ίπλὴν
1082 3929 1137 3979 οὔτε
1154 3929 1216 3993 ἀνὴρ
1231 3936 1305 3995 χωρὶς

101 4028 191 4078 eessary
202 4024 230 4064 to
244 4014 370 4078 complete
382 4015 424 4063 the
436 4029 514 4063 sense.
550 4013 563 4061 I
578 4014 675 4063 believe
724 4009 865 4072 γυναικός,”
877 4014 951 4059 κ.τ.λ.

102 4093 210 4144 however
221 4094 274 4143 that
285 4109 301 4142 a
313 4093 395 4142 whole
410 4093 461 4140 line
477 4091 523 4140 has
534 4091 609 4140 fallen
621 4100 673 4147 out,
758 4094 780 4142 8.
822 4091 1005 4152 uerumlumen]
1026 4108 1034 4141 ι
1054 4093 1112 4142 Cor.
1126 4094 1158 4141 xi.
1174 4108 1212 4149 rr,
1225 4094 1300 4158 Vulg.

101 4175 148 4223 and
157 4176 239 4225 would
251 4182 365 4240 suggest:
386 4175 446 4222 “ita
458 4182 484 4222 ut
496 4189 547 4222 non
561 4174 674 4223 uideatur
759 4189 798 4223 ro.
826 4190 857 4222 ex
867 4173 918 4222 illis
927 4173 1015 4237 quibus
1025 4174 1119 4235 scn'br'l]
1142 4175 1182 4224 Cf.
1193 4175 1304 4236 Rbnsch,

101 4259 306 4323 contemplatione
326 4257 422 4306 ordinis
436 4256 490 4317 [eas
512 4243 674 4318 exaequasse3
725 4255 801 4313 Itala,
815 4271 841 4318 p.
853 4272 900 4318 443
912 4271 949 4318 sq.

102 4346 228 4401 postquam
244 4338 312 4387 enim
329 4337 425 4386 dixerat
442 4351 472 4385 ea
489 4350 553 4399 quae
570 4334 676 4384 dicenda
759 4350 799 4385 aa.
823 4335 935 4399 persecu]
954 4335 1020 4384 ‘The
1032 4334 1161 4397 erlucated‚
1172 4337 1214 4385 the
1225 4353 1305 4401 upper

102 4422 307 4484 contemplatione
330 4419 443 4479 ordinis],
471 4415 607 4481 denique,'‘
629 4417 675 4466 &c-
726 4417 825 4477 classes,
839 4416 868 4466 os
882 4418 908 4467 S.
922 4417 1005 4466 Pnul's
1020 4417 1069 4481 day
1081 4417 1138 4466 held
1157 4419 1304 4469 themselves

105 4504 182 4552 ‘Even
193 4505 220 4552 in
236 4520 244 4552 ι
255 4505 314 4553 Cor.
323 4501 366 4559 xi..
374 4501 456 4551 where
468 4502 510 4552 the
524 4502 574 4563 Ap.
585 4500 638 4562 lays
647 4516 675 4548 so
726 4499 865 4562 altogether
875 4499 945 4549 alool
953 4500 1017 4549 iroru
1028 4499 1092 4549 their
1102 4500 1191 4556 slaves,
1199 4500 1259 4550 tuolr
1271 4518 1305 4550 no
