<?xml version="1.0" encoding="UTF-8"?>
<!DOCTYPE html PUBLIC "-//W3C//DTD XHTML 1.0 Transitional//EN"
    "http://www.w3.org/TR/xhtml1/DTD/xhtml1-transitional.dtd">
<html xmlns="http://www.w3.org/1999/xhtml" xml:lang="en" lang="en">
 <head>
  <title>
</title>
<meta http-equiv="Content-Type" content="text/html;charset=utf-8" />
  <meta name='ocr-system' content='tesseract 3.04.00' />
  <meta name='ocr-capabilities' content='ocr_page ocr_carea ocr_par ocr_line ocrx_word'/>
</head>
<body>
  <div class='ocr_page' id='page_1' title='image "./theodoriepiscop00swetgoog_0174.png"; bbox 0 0 3142 5100; ppageno 0'>
   <div class='ocr_carea' id='block_1_1' title="bbox 255 361 1469 446">
    <p class='ocr_par' dir='ltr' id='par_1_1' title="bbox 255 361 1469 446">
     <span class='ocr_line' id='line_1_1' title="bbox 255 361 1469 446; baseline -0.004 -18"><span class='ocrx_word' id='word_1_1' title='bbox 255 380 316 446; x_wconf 85' lang='lat'>154</span> <span class='ocrx_word' id='word_1_2' title='bbox 585 379 814 430; x_wconf 77' lang='lat' dir='ltr'>Theononus</span> <span class='ocrx_word' id='word_1_3' title='bbox 837 378 1129 431; x_wconf 74' lang='lat' dir='ltr'>nopsuesrrsuus</span> <span class='ocrx_word' id='word_1_4' title='bbox 1240 389 1244 398; x_wconf 94' lang='lat'><strong>·</strong></span> <span class='ocrx_word' id='word_1_5' title='bbox 1363 361 1419 445; x_wconf 92' lang='lat' dir='ltr'>[V.</span> <span class='ocrx_word' id='word_1_6' title='bbox 1440 377 1469 442; x_wconf 88' lang='lat'>3.</span> 
     </span>
    </p>
   </div>
   <div class='ocr_carea' id='block_1_2' title="bbox 241 548 1547 740">
    <p class='ocr_par' dir='ltr' id='par_1_2' title="bbox 241 548 1547 740">
     <span class='ocr_line' id='line_1_2' title="bbox 251 548 1547 636; baseline -0.005 -21"><span class='ocrx_word' id='word_1_7' title='bbox 251 552 406 635; x_wconf 86' lang='lat' dir='ltr'>designat</span> <span class='ocrx_word' id='word_1_8' title='bbox 426 555 516 636; x_wconf 94' lang='lat' dir='ltr'>quod</span> <span class='ocrx_word' id='word_1_9' title='bbox 541 555 573 617; x_wconf 92' lang='lat' dir='ltr'>in</span> <span class='ocrx_word' id='word_1_10' title='bbox 599 573 811 617; x_wconf 91' lang='lat' dir='ltr'>communem</span> <span class='ocrx_word' id='word_1_11' title='bbox 835 554 1129 635; x_wconf 85' lang='lat' dir='ltr'>congregationem</span> <span class='ocrx_word' id='word_1_12' title='bbox 1149 550 1308 614; x_wconf 89' lang='lat' dir='ltr'>ecclesiae</span> <span class='ocrx_word' id='word_1_13' title='bbox 1333 550 1376 612; x_wconf 90' lang='lat' dir='ltr'>ab</span> <span class='ocrx_word' id='word_1_14' title='bbox 1401 548 1470 610; x_wconf 90' lang='lat' dir='ltr'>illis</span> <span class='ocrx_word' id='word_1_15' title='bbox 1546 613 1547 620; x_wconf 54' lang='lat'>,</span> 
     </span>
     <span class='ocr_line' id='line_1_3' title="bbox 241 653 1468 740; baseline -0.003 -21"><span class='ocrx_word' id='word_1_16' title='bbox 241 656 320 720; x_wconf 67' lang='lat' dir='ltr'>⁴fieri</span> <span class='ocrx_word' id='word_1_17' title='bbox 347 669 499 740; x_wconf 87' lang='lat' dir='ltr'>oportere</span> <span class='ocrx_word' id='word_1_18' title='bbox 521 659 746 733; x_wconf 89' lang='lat' dir='ltr'>existimabat,</span> <span class='ocrx_word' id='word_1_19' title='bbox 775 658 899 720; x_wconf 86' lang='lat' dir='ltr'>scilicet</span> <span class='ocrx_word' id='word_1_20' title='bbox 922 668 959 721; x_wconf 95' lang='lat' dir='ltr'>ut</span> <span class='ocrx_word' id='word_1_21' title='bbox 974 658 1084 720; x_wconf 92' lang='lat' dir='ltr'>omnis</span> <span class='ocrx_word' id='word_1_22' title='bbox 1107 656 1214 719; x_wconf 90' lang='lat' dir='ltr'>cultus</span> <span class='ocrx_word' id='word_1_23' title='bbox 1235 655 1310 717; x_wconf 89' lang='lat' dir='ltr'>Deo</span> <span class='ocrx_word' id='word_1_24' title='bbox 1332 653 1468 717; x_wconf 90' lang='lat' dir='ltr'>debitus</span> 
     </span>
    </p>
   </div>
   <div class='ocr_carea' id='block_1_3' title="bbox 27 759 1547 848">
    <p class='ocr_par' dir='ltr' id='par_1_3' title="bbox 27 759 1547 848">
     <span class='ocr_line' id='line_1_4' title="bbox 27 759 1547 848; baseline -0.004 -24"><span class='ocrx_word' id='word_1_25' title='bbox 27 764 29 771; x_wconf 79' lang='grc'><strong>“</strong></span> <span class='ocrx_word' id='word_1_26' title='bbox 106 827 171 848; x_wconf 26' lang='grc' dir='ltr'>Ἃ</span> <span class='ocrx_word' id='word_1_27' title='bbox 251 762 449 838; x_wconf 87' lang='lat' dir='ltr'>restituatur,</span> <span class='ocrx_word' id='word_1_28' title='bbox 474 784 550 826; x_wconf 91' lang='lat' dir='ltr'>cum</span> <span class='ocrx_word' id='word_1_29' title='bbox 574 763 687 834; x_wconf 86' lang='lat' dir='ltr'>debita</span> <span class='ocrx_word' id='word_1_30' title='bbox 709 763 891 844; x_wconf 87' lang='lat' dir='ltr'>gratiarum</span> <span class='ocrx_word' id='word_1_31' title='bbox 915 762 1057 838; x_wconf 86' lang='lat' dir='ltr'>actione,</span> <span class='ocrx_word' id='word_1_32' title='bbox 1080 781 1166 842; x_wconf 88' lang='lat' dir='ltr'>quae</span> <span class='ocrx_word' id='word_1_33' title='bbox 1190 760 1219 823; x_wconf 89' lang='lat' dir='ltr'>ei</span> <span class='ocrx_word' id='word_1_34' title='bbox 1241 759 1380 822; x_wconf 89' lang='lat' dir='ltr'>debetur</span> <span class='ocrx_word' id='word_1_35' title='bbox 1403 778 1469 840; x_wconf 90' lang='lat' dir='ltr'>pro</span> <span class='ocrx_word' id='word_1_36' title='bbox 1546 799 1547 804; x_wconf 20' lang='grc' dir='ltr'><strong>κ</strong></span> 
     </span>
    </p>
   </div>
   <div class='ocr_carea' id='block_1_4' title="bbox 220 863 1547 1153">
    <p class='ocr_par' dir='ltr' id='par_1_4' title="bbox 220 863 1547 1153">
     <span class='ocr_line' id='line_1_5' title="bbox 251 863 1467 949; baseline -0.002 -24"><span class='ocrx_word' id='word_1_37' title='bbox 251 863 315 927; x_wconf 91' lang='lat' dir='ltr'>illis</span> <span class='ocrx_word' id='word_1_38' title='bbox 333 888 418 948; x_wconf 88' lang='lat' dir='ltr'>quae</span> <span class='ocrx_word' id='word_1_39' title='bbox 433 868 476 930; x_wconf 91' lang='lat' dir='ltr'>ab</span> <span class='ocrx_word' id='word_1_40' title='bbox 491 889 531 930; x_wconf 91' lang='lat' dir='ltr'>eo</span> <span class='ocrx_word' id='word_1_41' title='bbox 546 869 626 931; x_wconf 88' lang='lat' dir='ltr'>data</span> <span class='ocrx_word' id='word_1_42' title='bbox 643 876 720 930; x_wconf 94' lang='lat' dir='ltr'>sunt</span> <span class='ocrx_word' id='word_1_43' title='bbox 739 868 843 930; x_wconf 87' lang='lat' dir='ltr'>nobis.</span> <span class='ocrx_word' id='word_1_44' title='bbox 887 878 921 931; x_wconf 88' lang='lat' dir='ltr'>et</span> <span class='ocrx_word' id='word_1_45' title='bbox 942 869 1077 949; x_wconf 88' lang='lat' dir='ltr'>quidem</span> <span class='ocrx_word' id='word_1_46' title='bbox 1097 866 1283 929; x_wconf 87' lang='lat' dir='ltr'>orationem</span> <span class='ocrx_word' id='word_1_47' title='bbox 1303 863 1467 926; x_wconf 81' lang='lat' dir='ltr'>facientes</span> 
     </span>
     <span class='ocr_line' id='line_1_6' title="bbox 220 965 1547 1052; baseline -0.004 -21"><span class='ocrx_word' id='word_1_48' title='bbox 220 981 319 1048; x_wconf 85' lang='lat' dir='ltr'>5non</span> <span class='ocrx_word' id='word_1_49' title='bbox 345 991 406 1052; x_wconf 94' lang='lat' dir='ltr'>pro</span> <span class='ocrx_word' id='word_1_50' title='bbox 430 971 527 1033; x_wconf 92' lang='lat' dir='ltr'>nobis</span> <span class='ocrx_word' id='word_1_51' title='bbox 552 971 632 1051; x_wconf 90' lang='lat' dir='ltr'>ipsis</span> <span class='ocrx_word' id='word_1_52' title='bbox 658 970 737 1032; x_wconf 90' lang='lat' dir='ltr'>solis</span> <span class='ocrx_word' id='word_1_53' title='bbox 765 969 872 1032; x_wconf 88' lang='lat' dir='ltr'>facere</span> <span class='ocrx_word' id='word_1_54' title='bbox 896 971 1065 1045; x_wconf 90' lang='lat' dir='ltr'>debemus,</span> <span class='ocrx_word' id='word_1_55' title='bbox 1090 971 1147 1033; x_wconf 90' lang='lat' dir='ltr'>sed</span> <span class='ocrx_word' id='word_1_56' title='bbox 1171 979 1204 1031; x_wconf 90' lang='lat' dir='ltr'>et</span> <span class='ocrx_word' id='word_1_57' title='bbox 1228 988 1288 1049; x_wconf 93' lang='lat' dir='ltr'>pro</span> <span class='ocrx_word' id='word_1_58' title='bbox 1308 965 1468 1029; x_wconf 90' lang='lat' dir='ltr'>omnibus</span> <span class='ocrx_word' id='word_1_59' title='bbox 1546 983 1547 1044; x_wconf 49' lang='grc' dir='ltr'>ζ</span> 
     </span>
     <span class='ocr_line' id='line_1_7' title="bbox 253 1070 1467 1153; baseline -0.001 -19"><span class='ocrx_word' id='word_1_60' title='bbox 253 1072 448 1137; x_wconf 81' lang='lat' dir='ltr'>hominibus</span> <span class='ocrx_word' id='word_1_61' title='bbox 495 1074 584 1135; x_wconf 90' lang='lat' dir='ltr'>unde</span> <span class='ocrx_word' id='word_1_62' title='bbox 604 1082 639 1135; x_wconf 91' lang='lat' dir='ltr'>et</span> <span class='ocrx_word' id='word_1_63' title='bbox 660 1074 692 1134; x_wconf 91' lang='lat' dir='ltr'>in</span> <span class='ocrx_word' id='word_1_64' title='bbox 718 1073 996 1153; x_wconf 82' lang='lat' dir='ltr'>subsequentibus</span> <span class='ocrx_word' id='word_1_65' title='bbox 1017 1073 1203 1135; x_wconf 89' lang='lat' dir='ltr'>necessario</span> <span class='ocrx_word' id='word_1_66' title='bbox 1223 1072 1324 1134; x_wconf 91' lang='lat' dir='ltr'>adicit</span> <span class='ocrx_word' id='word_1_67' title='bbox 1348 1070 1467 1153; x_wconf 89' lang='lat' dir='ltr'>quales</span> 
     </span>
    </p>
   </div>
   <div class='ocr_carea' id='block_1_5' title="bbox 253 1175 1547 1239">
    <p class='ocr_par' dir='ltr' id='par_1_5' title="bbox 253 1175 1547 1239">
     <span class='ocr_line' id='line_1_8' title="bbox 253 1175 1547 1239; baseline 0 -3"><span class='ocrx_word' id='word_1_68' title='bbox 253 1195 311 1236; x_wconf 89' lang='lat' dir='ltr'>eos</span> <span class='ocrx_word' id='word_1_69' title='bbox 337 1196 409 1238; x_wconf 90' lang='lat' dir='ltr'>esse</span> <span class='ocrx_word' id='word_1_70' title='bbox 435 1177 613 1239; x_wconf 90' lang='lat' dir='ltr'>conueniat</span> <span class='ocrx_word' id='word_1_71' title='bbox 633 1175 687 1238; x_wconf 90' lang='lat' dir='ltr'>uel</span> <span class='ocrx_word' id='word_1_72' title='bbox 713 1177 746 1237; x_wconf 90' lang='lat' dir='ltr'>in</span> <span class='ocrx_word' id='word_1_73' title='bbox 770 1177 840 1238; x_wconf 91' lang='lat' dir='ltr'>uita</span> <span class='ocrx_word' id='word_1_74' title='bbox 860 1177 914 1239; x_wconf 90' lang='lat' dir='ltr'>uel</span> <span class='ocrx_word' id='word_1_75' title='bbox 936 1177 968 1238; x_wconf 92' lang='lat' dir='ltr'>in</span> <span class='ocrx_word' id='word_1_76' title='bbox 989 1177 1136 1238; x_wconf 91' lang='lat' dir='ltr'>moribus</span> <span class='ocrx_word' id='word_1_77' title='bbox 1159 1177 1211 1239; x_wconf 91' lang='lat' dir='ltr'>uel</span> <span class='ocrx_word' id='word_1_78' title='bbox 1236 1176 1268 1238; x_wconf 92' lang='lat' dir='ltr'>in</span> <span class='ocrx_word' id='word_1_79' title='bbox 1290 1195 1467 1238; x_wconf 89' lang='lat' dir='ltr'>conuersa·</span> <span class='ocrx_word' id='word_1_80' title='bbox 1546 1221 1547 1224; x_wconf 63' lang='lat'>,</span> 
     </span>
    </p>
   </div>
   <div class='ocr_carea' id='block_1_6' title="bbox 200 1267 1547 3431">
    <p class='ocr_par' dir='ltr' id='par_1_6' title="bbox 200 1267 1547 3431">
     <span class='ocr_line' id='line_1_9' title="bbox 254 1267 1547 1362; baseline -0.001 -21"><span class='ocrx_word' id='word_1_81' title='bbox 254 1279 367 1356; x_wconf 90' lang='lat' dir='ltr'>tione;</span> <span class='ocrx_word' id='word_1_82' title='bbox 389 1290 423 1343; x_wconf 88' lang='lat' dir='ltr'>et</span> <span class='ocrx_word' id='word_1_83' title='bbox 445 1281 588 1362; x_wconf 91' lang='lat' dir='ltr'>primum</span> <span class='ocrx_word' id='word_1_84' title='bbox 604 1281 739 1361; x_wconf 90' lang='lat' dir='ltr'>quidem</span> <span class='ocrx_word' id='word_1_85' title='bbox 764 1281 797 1342; x_wconf 93' lang='lat' dir='ltr'>in</span> <span class='ocrx_word' id='word_1_86' title='bbox 819 1281 989 1343; x_wconf 92' lang='lat' dir='ltr'>communi</span> <span class='ocrx_word' id='word_1_87' title='bbox 1009 1290 1150 1342; x_wconf 84' lang='lat' dir='ltr'>naturae</span> <span class='ocrx_word' id='word_1_88' title='bbox 1169 1281 1294 1343; x_wconf 90' lang='lat' dir='ltr'>adusus</span> <span class='ocrx_word' id='word_1_89' title='bbox 1314 1289 1365 1341; x_wconf 89' lang='lat' dir='ltr'>est</span> <span class='ocrx_word' id='word_1_90' title='bbox 1381 1277 1466 1340; x_wconf 93' lang='lat' dir='ltr'>diui·</span> <span class='ocrx_word' id='word_1_91' title='bbox 1546 1267 1547 1340; x_wconf 83' lang='lat' dir='ltr'>l</span> 
     </span>
     <span class='ocr_line' id='line_1_10' title="bbox 254 1380 1466 1463; baseline -0.001 -21"><span class='ocrx_word' id='word_1_92' title='bbox 254 1382 391 1456; x_wconf 91' lang='lat' dir='ltr'>sionem,</span> <span class='ocrx_word' id='word_1_93' title='bbox 414 1382 480 1445; x_wconf 89' lang='lat' dir='ltr'>alia</span> <span class='ocrx_word' id='word_1_94' title='bbox 502 1383 617 1445; x_wconf 90' lang='lat' dir='ltr'>dicens</span> <span class='ocrx_word' id='word_1_95' title='bbox 639 1383 682 1444; x_wconf 88' lang='lat' dir='ltr'>ad</span> <span class='ocrx_word' id='word_1_96' title='bbox 706 1383 958 1446; x_wconf 88' lang='lat' dir='ltr'>instructionem</span> <span class='ocrx_word' id='word_1_97' title='bbox 985 1382 1140 1458; x_wconf 91' lang='lat' dir='ltr'>uirorum,</span> <span class='ocrx_word' id='word_1_98' title='bbox 1162 1381 1329 1444; x_wconf 88' lang='lat' dir='ltr'>instruens</span> <span class='ocrx_word' id='word_1_99' title='bbox 1350 1380 1466 1463; x_wconf 90' lang='lat' dir='ltr'>quales</span> 
     </span>
     <span class='ocr_line' id='line_1_11' title="bbox 204 1484 1467 1566; baseline -0.001 -18"><span class='ocrx_word' id='word_1_100' title='bbox 204 1504 243 1551; x_wconf 87' lang='lat'>10</span> <span class='ocrx_word' id='word_1_101' title='bbox 255 1505 312 1547; x_wconf 90' lang='lat' dir='ltr'>eos</span> <span class='ocrx_word' id='word_1_102' title='bbox 336 1493 488 1566; x_wconf 89' lang='lat' dir='ltr'>oporteat</span> <span class='ocrx_word' id='word_1_103' title='bbox 510 1505 591 1558; x_wconf 89' lang='lat' dir='ltr'>esse,</span> <span class='ocrx_word' id='word_1_104' title='bbox 617 1484 682 1546; x_wconf 87' lang='lat' dir='ltr'>alia</span> <span class='ocrx_word' id='word_1_105' title='bbox 708 1505 788 1548; x_wconf 91' lang='lat' dir='ltr'>uero</span> <span class='ocrx_word' id='word_1_106' title='bbox 811 1486 854 1548; x_wconf 89' lang='lat' dir='ltr'>ad</span> <span class='ocrx_word' id='word_1_107' title='bbox 879 1485 1039 1547; x_wconf 91' lang='lat' dir='ltr'>mulieres.</span> <span class='ocrx_word' id='word_1_108' title='bbox 1084 1486 1197 1566; x_wconf 88' lang='lat' dir='ltr'>sicque</span> <span class='ocrx_word' id='word_1_109' title='bbox 1219 1504 1397 1547; x_wconf 90' lang='lat' dir='ltr'>commune</span> <span class='ocrx_word' id='word_1_110' title='bbox 1418 1485 1467 1548; x_wconf 90' lang='lat' dir='ltr'>ad</span> 
     </span>
     <span class='ocr_line' id='line_1_12' title="bbox 255 1589 1464 1671; baseline -0.002 -20"><span class='ocrx_word' id='word_1_111' title='bbox 255 1609 372 1652; x_wconf 89' lang='lat' dir='ltr'>omnes</span> <span class='ocrx_word' id='word_1_112' title='bbox 396 1609 494 1670; x_wconf 89' lang='lat' dir='ltr'>super</span> <span class='ocrx_word' id='word_1_113' title='bbox 517 1590 695 1651; x_wconf 91' lang='lat' dir='ltr'>uirtutibus</span> <span class='ocrx_word' id='word_1_114' title='bbox 725 1590 905 1671; x_wconf 87' lang='lat' dir='ltr'>implendis</span> <span class='ocrx_word' id='word_1_115' title='bbox 931 1589 1105 1652; x_wconf 87' lang='lat' dir='ltr'>consilium</span> <span class='ocrx_word' id='word_1_116' title='bbox 1134 1589 1225 1652; x_wconf 92' lang='lat' dir='ltr'>uisus</span> <span class='ocrx_word' id='word_1_117' title='bbox 1252 1598 1303 1652; x_wconf 90' lang='lat' dir='ltr'>est</span> <span class='ocrx_word' id='word_1_118' title='bbox 1325 1589 1464 1651; x_wconf 88' lang='lat' dir='ltr'>dedisse.</span> 
     </span>
     <span class='ocr_line' id='line_1_13' title="bbox 255 1689 1547 1773; baseline -0.004 -17"><span class='ocrx_word' id='word_1_119' title='bbox 255 1693 375 1756; x_wconf 90' lang='lat' dir='ltr'>deinde</span> <span class='ocrx_word' id='word_1_120' title='bbox 390 1693 433 1754; x_wconf 91' lang='lat' dir='ltr'>ad</span> <span class='ocrx_word' id='word_1_121' title='bbox 449 1691 598 1754; x_wconf 89' lang='lat' dir='ltr'>ordinem</span> <span class='ocrx_word' id='word_1_122' title='bbox 614 1692 741 1766; x_wconf 85' lang='lat' dir='ltr'>transit,</span> <span class='ocrx_word' id='word_1_123' title='bbox 758 1691 831 1753; x_wconf 89' lang='lat' dir='ltr'>illos</span> <span class='ocrx_word' id='word_1_124' title='bbox 847 1692 904 1773; x_wconf 90' lang='lat' dir='ltr'>qui</span> <span class='ocrx_word' id='word_1_125' title='bbox 919 1690 1077 1753; x_wconf 89' lang='lat' dir='ltr'>ecclesiae</span> <span class='ocrx_word' id='word_1_126' title='bbox 1094 1691 1314 1754; x_wconf 90' lang='lat' dir='ltr'>ministerium</span> <span class='ocrx_word' id='word_1_127' title='bbox 1330 1689 1467 1771; x_wconf 89' lang='lat' dir='ltr'>implere</span> <span class='ocrx_word' id='word_1_128' title='bbox 1546 1711 1547 1742; x_wconf 78' lang='lat'><em>2</em></span> 
     </span>
     <span class='ocr_line' id='line_1_14' title="bbox 252 1792 1465 1875; baseline -0.002 -17"><span class='ocrx_word' id='word_1_129' title='bbox 252 1798 409 1858; x_wconf 77' lang='lat' dir='ltr'>uidentur</span> <span class='ocrx_word' id='word_1_130' title='bbox 432 1804 597 1875; x_wconf 87' lang='lat' dir='ltr'>reputans,</span> <span class='ocrx_word' id='word_1_131' title='bbox 636 1794 794 1874; x_wconf 94' lang='lat' dir='ltr'>quoniam</span> <span class='ocrx_word' id='word_1_132' title='bbox 832 1795 998 1875; x_wconf 86' lang='lat' dir='ltr'>priuatam</span> <span class='ocrx_word' id='word_1_133' title='bbox 1035 1793 1070 1855; x_wconf 95' lang='lat' dir='ltr'>hi</span> <span class='ocrx_word' id='word_1_134' title='bbox 1109 1795 1281 1875; x_wconf 82' lang='lat' dir='ltr'>indigeant</span> <span class='ocrx_word' id='word_1_135' title='bbox 1310 1792 1465 1856; x_wconf 85' lang='lat' dir='ltr'>exhorta·</span> 
     </span>
     <span class='ocr_line' id='line_1_15' title="bbox 253 1897 1547 1981; baseline -0.002 -21"><span class='ocrx_word' id='word_1_136' title='bbox 253 1899 389 1974; x_wconf 89' lang='lat' dir='ltr'>tionem,</span> <span class='ocrx_word' id='word_1_137' title='bbox 405 1919 445 1961; x_wconf 92' lang='lat' dir='ltr'>eo</span> <span class='ocrx_word' id='word_1_138' title='bbox 461 1900 549 1981; x_wconf 91' lang='lat' dir='ltr'>quod</span> <span class='ocrx_word' id='word_1_139' title='bbox 567 1901 599 1962; x_wconf 93' lang='lat' dir='ltr'>in</span> <span class='ocrx_word' id='word_1_140' title='bbox 616 1919 795 1962; x_wconf 91' lang='lat' dir='ltr'>commune</span> <span class='ocrx_word' id='word_1_141' title='bbox 810 1898 1012 1960; x_wconf 90' lang='lat' dir='ltr'>conueniens</span> <span class='ocrx_word' id='word_1_142' title='bbox 1027 1897 1165 1960; x_wconf 89' lang='lat' dir='ltr'>ecclesia</span> <span class='ocrx_word' id='word_1_143' title='bbox 1181 1918 1295 1961; x_wconf 90' lang='lat' dir='ltr'>eorum</span> <span class='ocrx_word' id='word_1_144' title='bbox 1312 1899 1467 1979; x_wconf 88' lang='lat' dir='ltr'>impletur</span> <span class='ocrx_word' id='word_1_145' title='bbox 1546 1973 1547 1978; x_wconf 9' lang='grc' dir='ltr'>Ι</span> 
     </span>
     <span class='ocr_line' id='line_1_16' title="bbox 203 1999 1547 2086; baseline -0.003 -19"><span class='ocrx_word' id='word_1_146' title='bbox 203 2019 238 2086; x_wconf 85' lang='lat'>15</span> <span class='ocrx_word' id='word_1_147' title='bbox 255 2002 445 2077; x_wconf 88' lang='lat' dir='ltr'>ministerio,</span> <span class='ocrx_word' id='word_1_148' title='bbox 461 2011 494 2064; x_wconf 91' lang='lat' dir='ltr'>et</span> <span class='ocrx_word' id='word_1_149' title='bbox 510 2003 581 2064; x_wconf 90' lang='lat' dir='ltr'>istis</span> <span class='ocrx_word' id='word_1_150' title='bbox 597 2003 731 2084; x_wconf 90' lang='lat' dir='ltr'>quidem</span> <span class='ocrx_word' id='word_1_151' title='bbox 748 2001 832 2063; x_wconf 90' lang='lat' dir='ltr'>bene</span> <span class='ocrx_word' id='word_1_152' title='bbox 853 1999 1030 2082; x_wconf 83' lang='lat' dir='ltr'>agentibus</span> <span class='ocrx_word' id='word_1_153' title='bbox 1047 2000 1189 2063; x_wconf 90' lang='lat' dir='ltr'>multum</span> <span class='ocrx_word' id='word_1_154' title='bbox 1205 2011 1349 2082; x_wconf 89' lang='lat' dir='ltr'>possunt</span> <span class='ocrx_word' id='word_1_155' title='bbox 1363 2001 1462 2064; x_wconf 87' lang='lat' dir='ltr'>ceteri</span> <span class='ocrx_word' id='word_1_156' title='bbox 1546 2043 1547 2048; x_wconf 22' lang='grc' dir='ltr'><strong>κ</strong></span> 
     </span>
     <span class='ocr_line' id='line_1_17' title="bbox 255 2104 1465 2189; baseline -0.002 -21"><span class='ocrx_word' id='word_1_157' title='bbox 255 2107 426 2183; x_wconf 88' lang='lat' dir='ltr'>adiuuari;</span> <span class='ocrx_word' id='word_1_158' title='bbox 449 2126 467 2168; x_wconf 91' lang='lat' dir='ltr'>e</span> <span class='ocrx_word' id='word_1_159' title='bbox 494 2108 659 2169; x_wconf 89' lang='lat' dir='ltr'>contrario</span> <span class='ocrx_word' id='word_1_160' title='bbox 685 2107 788 2168; x_wconf 88' lang='lat' dir='ltr'>etiam</span> <span class='ocrx_word' id='word_1_161' title='bbox 814 2106 885 2168; x_wconf 91' lang='lat' dir='ltr'>istis</span> <span class='ocrx_word' id='word_1_162' title='bbox 912 2106 969 2169; x_wconf 90' lang='lat' dir='ltr'>illa</span> <span class='ocrx_word' id='word_1_163' title='bbox 988 2126 1075 2189; x_wconf 89' lang='lat' dir='ltr'>quae</span> <span class='ocrx_word' id='word_1_164' title='bbox 1100 2106 1306 2169; x_wconf 90' lang='lat' dir='ltr'>conueniunt</span> <span class='ocrx_word' id='word_1_165' title='bbox 1332 2104 1465 2168; x_wconf 88' lang='lat' dir='ltr'>minime</span> 
     </span>
     <span class='ocr_line' id='line_1_18' title="bbox 255 2193 1547 2292; baseline 0.002 -23"><span class='ocrx_word' id='word_1_166' title='bbox 255 2193 518 2290; x_wconf 66' lang='lat' dir='ltr'>procurantibus</span> <span class='ocrx_word' id='word_1_167' title='bbox 548 2210 690 2292; x_wconf 91' lang='lat' dir='ltr'>plurima</span> <span class='ocrx_word' id='word_1_168' title='bbox 720 2211 921 2273; x_wconf 89' lang='lat' dir='ltr'>detrimenta</span> <span class='ocrx_word' id='word_1_169' title='bbox 951 2210 1064 2274; x_wconf 90' lang='lat' dir='ltr'>multis</span> <span class='ocrx_word' id='word_1_170' title='bbox 1102 2210 1280 2272; x_wconf 88' lang='lat' dir='ltr'>uideantur</span> <span class='ocrx_word' id='word_1_171' title='bbox 1316 2207 1465 2290; x_wconf 86' lang='lat' dir='ltr'>inrogari.</span> <span class='ocrx_word' id='word_1_172' title='bbox 1546 2289 1547 2292; x_wconf 9' lang='grc' dir='ltr'>Ι</span> 
     </span>
     <span class='ocr_line' id='line_1_19' title="bbox 255 2312 1465 2395; baseline 0.001 -22"><span class='ocrx_word' id='word_1_173' title='bbox 255 2312 344 2374; x_wconf 92' lang='lat' dir='ltr'>unde</span> <span class='ocrx_word' id='word_1_174' title='bbox 371 2322 405 2374; x_wconf 90' lang='lat' dir='ltr'>et</span> <span class='ocrx_word' id='word_1_175' title='bbox 431 2314 473 2376; x_wconf 92' lang='lat' dir='ltr'>de</span> <span class='ocrx_word' id='word_1_176' title='bbox 499 2314 702 2395; x_wconf 90' lang='lat' dir='ltr'>presbyteris</span> <span class='ocrx_word' id='word_1_177' title='bbox 726 2314 869 2394; x_wconf 90' lang='lat' dir='ltr'>primam</span> <span class='ocrx_word' id='word_1_178' title='bbox 894 2315 1026 2377; x_wconf 87' lang='lat' dir='ltr'>uidetur</span> <span class='ocrx_word' id='word_1_179' title='bbox 1053 2312 1169 2375; x_wconf 89' lang='lat' dir='ltr'>fecisse</span> <span class='ocrx_word' id='word_1_180' title='bbox 1196 2313 1465 2394; x_wconf 88' lang='lat' dir='ltr'>disputationem,</span> 
     </span>
     <span class='ocr_line' id='line_1_20' title="bbox 255 2416 1466 2497; baseline -0.001 -19"><span class='ocrx_word' id='word_1_181' title='bbox 255 2416 421 2478; x_wconf 89' lang='lat' dir='ltr'>instruens</span> <span class='ocrx_word' id='word_1_182' title='bbox 443 2417 558 2497; x_wconf 91' lang='lat' dir='ltr'>quales</span> <span class='ocrx_word' id='word_1_183' title='bbox 581 2437 639 2478; x_wconf 90' lang='lat' dir='ltr'>eos</span> <span class='ocrx_word' id='word_1_184' title='bbox 661 2436 733 2478; x_wconf 90' lang='lat' dir='ltr'>esse</span> <span class='ocrx_word' id='word_1_185' title='bbox 756 2426 911 2497; x_wconf 90' lang='lat' dir='ltr'>oporteat</span> <span class='ocrx_word' id='word_1_186' title='bbox 923 2437 930 2492; x_wconf 92' lang='lat'>;</span> <span class='ocrx_word' id='word_1_187' title='bbox 957 2417 1034 2479; x_wconf 92' lang='lat' dir='ltr'>dein</span> <span class='ocrx_word' id='word_1_188' title='bbox 1058 2418 1101 2480; x_wconf 89' lang='lat' dir='ltr'>de</span> <span class='ocrx_word' id='word_1_189' title='bbox 1123 2416 1329 2492; x_wconf 85' lang='lat' dir='ltr'>diaconibus,</span> <span class='ocrx_word' id='word_1_190' title='bbox 1351 2425 1466 2497; x_wconf 89' lang='lat' dir='ltr'>postea</span> 
     </span>
     <span class='ocr_line' id='line_1_21' title="bbox 200 2515 1547 2603; baseline -0.001 -21"><span class='ocrx_word' id='word_1_191' title='bbox 200 2541 243 2593; x_wconf 88' lang='lat'>20</span> <span class='ocrx_word' id='word_1_192' title='bbox 257 2540 335 2583; x_wconf 88' lang='lat' dir='ltr'>uero</span> <span class='ocrx_word' id='word_1_193' title='bbox 351 2521 393 2583; x_wconf 90' lang='lat' dir='ltr'>de</span> <span class='ocrx_word' id='word_1_194' title='bbox 409 2520 487 2583; x_wconf 93' lang='lat' dir='ltr'>uiris</span> <span class='ocrx_word' id='word_1_195' title='bbox 506 2530 540 2584; x_wconf 91' lang='lat' dir='ltr'>et</span> <span class='ocrx_word' id='word_1_196' title='bbox 563 2520 764 2584; x_wconf 90' lang='lat' dir='ltr'>mulieribus.</span> <span class='ocrx_word' id='word_1_197' title='bbox 809 2529 887 2603; x_wconf 91' lang='lat' dir='ltr'>post</span> <span class='ocrx_word' id='word_1_198' title='bbox 903 2521 1227 2584; x_wconf 90' lang='lat' dir='ltr'>consummationem</span> <span class='ocrx_word' id='word_1_199' title='bbox 1252 2540 1334 2584; x_wconf 90' lang='lat' dir='ltr'>uero</span> <span class='ocrx_word' id='word_1_200' title='bbox 1349 2518 1465 2583; x_wconf 90' lang='lat' dir='ltr'>horum</span> <span class='ocrx_word' id='word_1_201' title='bbox 1546 2515 1547 2518; x_wconf 64' lang='grc'>’</span> 
     </span>
     <span class='ocr_line' id='line_1_22' title="bbox 255 2621 1466 2706; baseline 0.001 -22"><span class='ocrx_word' id='word_1_202' title='bbox 255 2624 298 2686; x_wconf 91' lang='lat' dir='ltr'>ad</span> <span class='ocrx_word' id='word_1_203' title='bbox 319 2621 382 2684; x_wconf 93' lang='lat' dir='ltr'>hoc</span> <span class='ocrx_word' id='word_1_204' title='bbox 405 2624 655 2686; x_wconf 90' lang='lat' dir='ltr'>instructionem</span> <span class='ocrx_word' id='word_1_205' title='bbox 676 2643 771 2686; x_wconf 90' lang='lat' dir='ltr'>suam</span> <span class='ocrx_word' id='word_1_206' title='bbox 794 2624 994 2705; x_wconf 82' lang='lat' dir='ltr'>produxisse</span> <span class='ocrx_word' id='word_1_207' title='bbox 1012 2624 1103 2686; x_wconf 88' lang='lat' dir='ltr'>uisus</span> <span class='ocrx_word' id='word_1_208' title='bbox 1124 2633 1183 2700; x_wconf 88' lang='lat' dir='ltr'>est,</span> <span class='ocrx_word' id='word_1_209' title='bbox 1199 2644 1300 2706; x_wconf 92' lang='lat' dir='ltr'>quam</span> <span class='ocrx_word' id='word_1_210' title='bbox 1319 2632 1353 2686; x_wconf 93' lang='lat' dir='ltr'>et</span> <span class='ocrx_word' id='word_1_211' title='bbox 1369 2623 1466 2686; x_wconf 86' lang='lat' dir='ltr'>inter-</span> 
     </span>
     <span class='ocr_line' id='line_1_23' title="bbox 256 2727 1465 2808; baseline 0 -20"><span class='ocrx_word' id='word_1_212' title='bbox 256 2728 399 2808; x_wconf 89' lang='lat' dir='ltr'>positam</span> <span class='ocrx_word' id='word_1_213' title='bbox 424 2736 458 2790; x_wconf 91' lang='lat' dir='ltr'>et</span> <span class='ocrx_word' id='word_1_214' title='bbox 483 2727 689 2791; x_wconf 87' lang='lat' dir='ltr'>interiectam</span> <span class='ocrx_word' id='word_1_215' title='bbox 713 2749 785 2791; x_wconf 89' lang='lat' dir='ltr'>esse</span> <span class='ocrx_word' id='word_1_216' title='bbox 816 2729 972 2791; x_wconf 86' lang='lat' dir='ltr'>diximus.</span> <span class='ocrx_word' id='word_1_217' title='bbox 1018 2728 1221 2790; x_wconf 89' lang='lat' dir='ltr'>conueniens</span> <span class='ocrx_word' id='word_1_218' title='bbox 1251 2738 1365 2791; x_wconf 88' lang='lat' dir='ltr'>autem</span> <span class='ocrx_word' id='word_1_219' title='bbox 1395 2735 1465 2789; x_wconf 88' lang='lat' dir='ltr'>erat</span> 
     </span>
     <span class='ocr_line' id='line_1_24' title="bbox 255 2829 1464 2911; baseline 0.003 -21"><span class='ocrx_word' id='word_1_220' title='bbox 255 2839 333 2911; x_wconf 90' lang='lat' dir='ltr'>post</span> <span class='ocrx_word' id='word_1_221' title='bbox 348 2849 560 2892; x_wconf 90' lang='lat' dir='ltr'>communem</span> <span class='ocrx_word' id='word_1_222' title='bbox 576 2830 846 2893; x_wconf 85' lang='lat' dir='ltr'>exhortationem</span> <span class='ocrx_word' id='word_1_223' title='bbox 862 2850 966 2911; x_wconf 89' lang='lat' dir='ltr'>quam</span> <span class='ocrx_word' id='word_1_224' title='bbox 985 2831 1028 2892; x_wconf 90' lang='lat' dir='ltr'>ad</span> <span class='ocrx_word' id='word_1_225' title='bbox 1049 2850 1167 2893; x_wconf 90' lang='lat' dir='ltr'>omnes</span> <span class='ocrx_word' id='word_1_226' title='bbox 1187 2829 1304 2893; x_wconf 90' lang='lat' dir='ltr'>fecisse</span> <span class='ocrx_word' id='word_1_227' title='bbox 1327 2831 1464 2904; x_wconf 88' lang='lat' dir='ltr'>uidetur,</span> 
     </span>
     <span class='ocr_line' id='line_1_25' title="bbox 256 2934 1465 3017; baseline 0.004 -23"><span class='ocrx_word' id='word_1_228' title='bbox 256 2941 291 2995; x_wconf 91' lang='lat' dir='ltr'>et</span> <span class='ocrx_word' id='word_1_229' title='bbox 306 2935 438 3015; x_wconf 89' lang='lat' dir='ltr'>proprie</span> <span class='ocrx_word' id='word_1_230' title='bbox 456 2935 499 2998; x_wconf 89' lang='lat' dir='ltr'>ad</span> <span class='ocrx_word' id='word_1_231' title='bbox 519 2934 592 2997; x_wconf 94' lang='lat' dir='ltr'>illos</span> <span class='ocrx_word' id='word_1_232' title='bbox 611 2936 668 3016; x_wconf 89' lang='lat' dir='ltr'>qui</span> <span class='ocrx_word' id='word_1_233' title='bbox 692 2935 851 2998; x_wconf 87' lang='lat' dir='ltr'>ecclesiae</span> <span class='ocrx_word' id='word_1_234' title='bbox 874 2934 1078 2998; x_wconf 89' lang='lat' dir='ltr'>functionem</span> <span class='ocrx_word' id='word_1_235' title='bbox 1101 2934 1238 3017; x_wconf 90' lang='lat' dir='ltr'>implere</span> <span class='ocrx_word' id='word_1_236' title='bbox 1259 2935 1465 3006; x_wconf 88' lang='lat' dir='ltr'>uidebantur,</span> 
     </span>
     <span class='ocr_line' id='line_1_26' title="bbox 201 3024 1547 3127; baseline 0.001 -28"><span class='ocrx_word' id='word_1_237' title='bbox 201 3059 241 3127; x_wconf 83' lang='lat'>²5</span> <span class='ocrx_word' id='word_1_238' title='bbox 256 3038 457 3119; x_wconf 90' lang='lat' dir='ltr'>coniungere</span> <span class='ocrx_word' id='word_1_239' title='bbox 483 3040 584 3102; x_wconf 91' lang='lat' dir='ltr'>etiam</span> <span class='ocrx_word' id='word_1_240' title='bbox 610 3039 665 3101; x_wconf 89' lang='lat' dir='ltr'>illa</span> <span class='ocrx_word' id='word_1_241' title='bbox 688 3060 774 3121; x_wconf 87' lang='lat' dir='ltr'>quae</span> <span class='ocrx_word' id='word_1_242' title='bbox 801 3040 843 3102; x_wconf 92' lang='lat' dir='ltr'>de</span> <span class='ocrx_word' id='word_1_243' title='bbox 870 3041 980 3104; x_wconf 87' lang='lat' dir='ltr'>uiduis</span> <span class='ocrx_word' id='word_1_244' title='bbox 1004 3041 1069 3104; x_wconf 90' lang='lat' dir='ltr'>dici</span> <span class='ocrx_word' id='word_1_245' title='bbox 1094 3039 1360 3117; x_wconf 87' lang='lat' dir='ltr'>conueniebant;</span> <span class='ocrx_word' id='word_1_246' title='bbox 1387 3060 1466 3122; x_wconf 90' lang='lat' dir='ltr'>quas</span> <span class='ocrx_word' id='word_1_247' title='bbox 1546 3024 1547 3053; x_wconf 57' lang='lat'>³</span> 
     </span>
     <span class='ocr_line' id='line_1_27' title="bbox 256 3142 1466 3223; baseline 0.001 -20"><span class='ocrx_word' id='word_1_248' title='bbox 256 3142 358 3203; x_wconf 89' lang='lat' dir='ltr'>etiam</span> <span class='ocrx_word' id='word_1_249' title='bbox 393 3142 425 3203; x_wconf 94' lang='lat' dir='ltr'>in</span> <span class='ocrx_word' id='word_1_250' title='bbox 462 3161 522 3204; x_wconf 94' lang='lat' dir='ltr'>suo</span> <span class='ocrx_word' id='word_1_251' title='bbox 549 3143 665 3205; x_wconf 91' lang='lat' dir='ltr'>ordine</span> <span class='ocrx_word' id='word_1_252' title='bbox 693 3162 877 3205; x_wconf 89' lang='lat' dir='ltr'>memorare</span> <span class='ocrx_word' id='word_1_253' title='bbox 908 3144 1130 3206; x_wconf 88' lang='lat' dir='ltr'>conueniebat</span> <span class='ocrx_word' id='word_1_254' title='bbox 1165 3142 1209 3205; x_wconf 94' lang='lat' dir='ltr'>ob</span> <span class='ocrx_word' id='word_1_255' title='bbox 1236 3142 1329 3204; x_wconf 89' lang='lat' dir='ltr'>illam</span> <span class='ocrx_word' id='word_1_256' title='bbox 1359 3142 1466 3223; x_wconf 91' lang='lat' dir='ltr'>proui-</span> 
     </span>
     <span class='ocr_line' id='line_1_28' title="bbox 256 3245 1547 3330; baseline 0.004 -24"><span class='ocrx_word' id='word_1_257' title='bbox 256 3245 405 3308; x_wconf 88' lang='lat' dir='ltr'>dentiam</span> <span class='ocrx_word' id='word_1_258' title='bbox 429 3266 530 3327; x_wconf 93' lang='lat' dir='ltr'>quam</span> <span class='ocrx_word' id='word_1_259' title='bbox 553 3267 632 3328; x_wconf 86' lang='lat' dir='ltr'>erga</span> <span class='ocrx_word' id='word_1_260' title='bbox 657 3268 714 3310; x_wconf 86' lang='lat' dir='ltr'>eas</span> <span class='ocrx_word' id='word_1_261' title='bbox 736 3248 874 3330; x_wconf 90' lang='lat' dir='ltr'>implere</span> <span class='ocrx_word' id='word_1_262' title='bbox 890 3247 1076 3329; x_wconf 83' lang='lat' dir='ltr'>oportebat</span> <span class='ocrx_word' id='word_1_263' title='bbox 1121 3245 1199 3309; x_wconf 90' lang='lat' dir='ltr'>hinc</span> <span class='ocrx_word' id='word_1_264' title='bbox 1221 3266 1309 3321; x_wconf 91' lang='lat' dir='ltr'>uero,</span> <span class='ocrx_word' id='word_1_265' title='bbox 1326 3255 1364 3309; x_wconf 91' lang='lat' dir='ltr'>ut</span> <span class='ocrx_word' id='word_1_266' title='bbox 1385 3245 1466 3319; x_wconf 78' lang='lat' dir='ltr'>dixi,</span> <span class='ocrx_word' id='word_1_267' title='bbox 1546 3302 1547 3311; x_wconf 73' lang='grc'>,</span> 
     </span>
     <span class='ocr_line' id='line_1_29' title="bbox 256 3347 1467 3431; baseline -0.002 -21"><span class='ocrx_word' id='word_1_268' title='bbox 256 3349 299 3411; x_wconf 91' lang='lat' dir='ltr'>ad</span> <span class='ocrx_word' id='word_1_269' title='bbox 329 3349 535 3429; x_wconf 89' lang='lat' dir='ltr'>propositam</span> <span class='ocrx_word' id='word_1_270' title='bbox 566 3350 829 3412; x_wconf 88' lang='lat' dir='ltr'>interiectionem</span> <span class='ocrx_word' id='word_1_271' title='bbox 859 3350 902 3412; x_wconf 92' lang='lat' dir='ltr'>ab</span> <span class='ocrx_word' id='word_1_272' title='bbox 934 3350 989 3412; x_wconf 88' lang='lat' dir='ltr'>illa</span> <span class='ocrx_word' id='word_1_273' title='bbox 1016 3370 1167 3431; x_wconf 85' lang='lat' dir='ltr'>egressus</span> <span class='ocrx_word' id='word_1_274' title='bbox 1195 3358 1246 3411; x_wconf 91' lang='lat' dir='ltr'>est</span> <span class='ocrx_word' id='word_1_275' title='bbox 1277 3347 1467 3430; x_wconf 89' lang='lat' dir='ltr'>sequentia;</span> 
     </span>
    </p>
   </div>
   <div class='ocr_carea' id='block_1_7' title="bbox 256 3518 1547 3828">
    <p class='ocr_par' dir='ltr' id='par_1_7' title="bbox 256 3518 1547 3828">
     <span class='ocr_line' id='line_1_30' title="bbox 308 3518 1547 3584; baseline -0.002 -18"><span class='ocrx_word' id='word_1_276' title='bbox 308 3534 318 3567; x_wconf 88' lang='lat' dir='ltr'>r</span> <span class='ocrx_word' id='word_1_277' title='bbox 338 3520 502 3567; x_wconf 86' lang='lat' dir='ltr'>communiter</span> <span class='ocrx_word' id='word_1_278' title='bbox 513 3519 521 3578; x_wconf 87' lang='grc' dir='ltr'>Ι</span> <span class='ocrx_word' id='word_1_279' title='bbox 522 3519 571 3582; x_wconf 87' lang='lat' dir='ltr'>sor</span> <span class='ocrx_word' id='word_1_280' title='bbox 579 3519 606 3567; x_wconf 91' lang='lat' dir='ltr'>in</span> <span class='ocrx_word' id='word_1_281' title='bbox 616 3518 719 3579; x_wconf 83' lang='lat' dir='ltr'>comm.)</span> <span class='ocrx_word' id='word_1_282' title='bbox 730 3520 752 3568; x_wconf 90' lang='lat' dir='ltr'><em>C</em></span> <span class='ocrx_word' id='word_1_283' title='bbox 757 3535 774 3568; x_wconf 88' lang='lat' dir='ltr'>r</span> <span class='ocrx_word' id='word_1_284' title='bbox 896 3536 912 3584; x_wconf 75' lang='lat'>3</span> <span class='ocrx_word' id='word_1_285' title='bbox 928 3520 951 3570; x_wconf 88' lang='lat' dir='ltr'>ei</span> <span class='ocrx_word' id='word_1_286' title='bbox 961 3536 1000 3570; x_wconf 85' lang='lat' dir='ltr'>om</span> <span class='ocrx_word' id='word_1_287' title='bbox 1012 3520 1047 3569; x_wconf 99' lang='lat' dir='ltr'><em>H</em></span> <span class='ocrx_word' id='word_1_288' title='bbox 1164 3539 1180 3581; x_wconf 85' lang='lat'>4</span> <span class='ocrx_word' id='word_1_289' title='bbox 1197 3518 1300 3583; x_wconf 83' lang='lat' dir='ltr'>quidam</span> <span class='ocrx_word' id='word_1_290' title='bbox 1312 3518 1380 3566; x_wconf 84' lang='lat' dir='ltr'>CH:</span> <span class='ocrx_word' id='word_1_291' title='bbox 1400 3534 1439 3566; x_wconf 73' lang='lat' dir='ltr'>om</span> <span class='ocrx_word' id='word_1_292' title='bbox 1454 3532 1469 3563; x_wconf 85' lang='lat' dir='ltr'>r</span> <span class='ocrx_word' id='word_1_293' title='bbox 1546 3542 1547 3555; x_wconf 47' lang='lat' dir='ltr'>i</span> 
     </span>
     <span class='ocr_line' id='line_1_31' title="bbox 257 3598 1547 3665; baseline 0 -17"><span class='ocrx_word' id='word_1_294' title='bbox 257 3601 273 3648; x_wconf 91' lang='lat'>8</span> <span class='ocrx_word' id='word_1_295' title='bbox 289 3599 392 3648; x_wconf 85' lang='lat' dir='ltr'>adorsus</span> <span class='ocrx_word' id='word_1_296' title='bbox 402 3599 567 3663; x_wconf 62' lang='lat' dir='ltr'>(foradusus)</span> <span class='ocrx_word' id='word_1_297' title='bbox 581 3601 602 3649; x_wconf 90' lang='lat' dir='ltr'><strong><em>C</em></strong></span> <span class='ocrx_word' id='word_1_298' title='bbox 613 3601 686 3661; x_wconf 80' lang='lat' dir='ltr'>(corr)</span> <span class='ocrx_word' id='word_1_299' title='bbox 701 3600 705 3665; x_wconf 99' lang='grc' dir='ltr'>Ι</span> <span class='ocrx_word' id='word_1_300' title='bbox 720 3600 844 3650; x_wconf 84' lang='lat' dir='ltr'>diuisione</span> <span class='ocrx_word' id='word_1_301' title='bbox 860 3601 894 3649; x_wconf 91' lang='lat' dir='ltr'><em>H</em></span> <span class='ocrx_word' id='word_1_302' title='bbox 899 3617 916 3649; x_wconf 85' lang='lat' dir='ltr'>r</span> <span class='ocrx_word' id='word_1_303' title='bbox 982 3616 1012 3651; x_wconf 87' lang='lat'>10</span> <span class='ocrx_word' id='word_1_304' title='bbox 1028 3600 1194 3651; x_wconf 83' lang='lat' dir='ltr'>communiter</span> <span class='ocrx_word' id='word_1_305' title='bbox 1205 3614 1222 3648; x_wconf 86' lang='lat' dir='ltr'>r</span> <span class='ocrx_word' id='word_1_306' title='bbox 1297 3613 1323 3648; x_wconf 89' lang='lat'>11</span> <span class='ocrx_word' id='word_1_307' title='bbox 1342 3614 1402 3647; x_wconf 87' lang='lat' dir='ltr'>usus</span> <span class='ocrx_word' id='word_1_308' title='bbox 1414 3598 1468 3661; x_wconf 74' lang='lat' dir='ltr'>Uar</span> <span class='ocrx_word' id='word_1_309' title='bbox 1546 3600 1547 3605; x_wconf 76' lang='grc'>’</span> 
     </span>
     <span class='ocr_line' id='line_1_32' title="bbox 256 3676 1547 3747; baseline -0.001 -17"><span class='ocrx_word' id='word_1_310' title='bbox 256 3681 334 3740; x_wconf 87' lang='lat' dir='ltr'>uisus)</span> <span class='ocrx_word' id='word_1_311' title='bbox 342 3682 375 3729; x_wconf 92' lang='lat' dir='ltr'><em>H</em></span> <span class='ocrx_word' id='word_1_312' title='bbox 438 3696 466 3730; x_wconf 76' lang='grc' dir='ltr'><em>η</em></span> <span class='ocrx_word' id='word_1_313' title='bbox 479 3697 526 3731; x_wconf 90' lang='lat' dir='ltr'>nec</span> <span class='ocrx_word' id='word_1_314' title='bbox 537 3682 667 3746; x_wconf 83' lang='lat' dir='ltr'>(beseccl.)</span> <span class='ocrx_word' id='word_1_315' title='bbox 679 3682 732 3730; x_wconf 81' lang='lat' dir='ltr'>add</span> <span class='ocrx_word' id='word_1_316' title='bbox 743 3682 818 3731; x_wconf 76' lang='lat' dir='ltr'>C’H</span> <span class='ocrx_word' id='word_1_317' title='bbox 826 3681 830 3746; x_wconf 97' lang='grc' dir='ltr'>Ι</span> <span class='ocrx_word' id='word_1_318' title='bbox 846 3682 946 3732; x_wconf 89' lang='lat' dir='ltr'>illorum</span> <span class='ocrx_word' id='word_1_319' title='bbox 956 3684 1000 3747; x_wconf 90' lang='lat' dir='ltr'>qui</span> <span class='ocrx_word' id='word_1_320' title='bbox 1011 3698 1058 3731; x_wconf 89' lang='lat' dir='ltr'>nec</span> <span class='ocrx_word' id='word_1_321' title='bbox 1069 3684 1130 3732; x_wconf 90' lang='lat' dir='ltr'>eccl.</span> <span class='ocrx_word' id='word_1_322' title='bbox 1143 3697 1159 3729; x_wconf 88' lang='lat' dir='ltr'>r</span> <span class='ocrx_word' id='word_1_323' title='bbox 1226 3696 1254 3744; x_wconf 83' lang='lat'>13</span> <span class='ocrx_word' id='word_1_324' title='bbox 1266 3680 1371 3744; x_wconf 81' lang='lat' dir='ltr'>priuata.</span> <span class='ocrx_word' id='word_1_325' title='bbox 1383 3681 1469 3728; x_wconf 84' lang='lat' dir='ltr'>exhor·</span> <span class='ocrx_word' id='word_1_326' title='bbox 1546 3676 1547 3729; x_wconf 75' lang='grc' dir='ltr'>Ῐ</span> 
     </span>
     <span class='ocr_line' id='line_1_33' title="bbox 258 3761 1547 3828; baseline -0.001 -17"><span class='ocrx_word' id='word_1_327' title='bbox 258 3762 352 3811; x_wconf 83' lang='lat' dir='ltr'>tatione</span> <span class='ocrx_word' id='word_1_328' title='bbox 369 3762 391 3811; x_wconf 87' lang='lat' dir='ltr'><em>C</em></span> <span class='ocrx_word' id='word_1_329' title='bbox 402 3762 475 3824; x_wconf 76' lang='lat' dir='ltr'>(corr)</span> <span class='ocrx_word' id='word_1_330' title='bbox 577 3776 607 3826; x_wconf 87' lang='lat'>19</span> <span class='ocrx_word' id='word_1_331' title='bbox 624 3778 667 3811; x_wconf 90' lang='lat' dir='ltr'>eos</span> <span class='ocrx_word' id='word_1_332' title='bbox 678 3763 764 3827; x_wconf 88' lang='lat' dir='ltr'>quales</span> <span class='ocrx_word' id='word_1_333' title='bbox 775 3764 809 3811; x_wconf 89' lang='lat' dir='ltr'><em>H</em></span> <span class='ocrx_word' id='word_1_334' title='bbox 818 3761 822 3828; x_wconf 97' lang='grc' dir='ltr'>Ι</span> <span class='ocrx_word' id='word_1_335' title='bbox 837 3764 928 3813; x_wconf 91' lang='lat' dir='ltr'>deinde</span> <span class='ocrx_word' id='word_1_336' title='bbox 941 3764 998 3828; x_wconf 73' lang='lat' dir='ltr'>(for</span> <span class='ocrx_word' id='word_1_337' title='bbox 1007 3765 1067 3813; x_wconf 87' lang='lat' dir='ltr'>dein</span> <span class='ocrx_word' id='word_1_338' title='bbox 1078 3764 1120 3822; x_wconf 91' lang='lat' dir='ltr'>de)</span> <span class='ocrx_word' id='word_1_339' title='bbox 1132 3763 1166 3812; x_wconf 91' lang='lat' dir='ltr'><em>H</em></span> <span class='ocrx_word' id='word_1_340' title='bbox 1169 3779 1186 3810; x_wconf 92' lang='lat' dir='ltr'>r</span> <span class='ocrx_word' id='word_1_341' title='bbox 1283 3777 1313 3810; x_wconf 82' lang='lat'>21</span> <span class='ocrx_word' id='word_1_342' title='bbox 1332 3762 1381 3809; x_wconf 94' lang='lat' dir='ltr'>boc</span> <span class='ocrx_word' id='word_1_343' title='bbox 1392 3777 1431 3808; x_wconf 78' lang='lat' dir='ltr'>om</span> <span class='ocrx_word' id='word_1_344' title='bbox 1443 3761 1473 3810; x_wconf 92' lang='lat' dir='ltr'><em>H</em></span> <span class='ocrx_word' id='word_1_345' title='bbox 1546 3766 1547 3769; x_wconf 77' lang='grc'>’</span> 
     </span>
    </p>
   </div>
   <div class='ocr_carea' id='block_1_8' title="bbox 258 3841 1547 4001">
    <p class='ocr_par' dir='ltr' id='par_1_8' title="bbox 258 3841 1547 4001">
     <span class='ocr_line' id='line_1_34' title="bbox 258 3841 1472 3909; baseline -0.004 -14"><span class='ocrx_word' id='word_1_346' title='bbox 258 3861 289 3909; x_wconf 78' lang='lat'>23</span> <span class='ocrx_word' id='word_1_347' title='bbox 306 3844 439 3894; x_wconf 89' lang='lat' dir='ltr'>uidebatur</span> <span class='ocrx_word' id='word_1_348' title='bbox 448 3846 483 3893; x_wconf 91' lang='lat' dir='ltr'><em>H</em></span> <span class='ocrx_word' id='word_1_349' title='bbox 609 3859 641 3907; x_wconf 83' lang='lat'>24</span> <span class='ocrx_word' id='word_1_350' title='bbox 658 3845 772 3908; x_wconf 85' lang='lat' dir='ltr'>propriae</span> <span class='ocrx_word' id='word_1_351' title='bbox 785 3845 807 3894; x_wconf 89' lang='lat' dir='ltr'><em>C</em></span> <span class='ocrx_word' id='word_1_352' title='bbox 820 3842 824 3909; x_wconf 94' lang='grc' dir='ltr'>Ι</span> <span class='ocrx_word' id='word_1_353' title='bbox 840 3845 987 3894; x_wconf 88' lang='lat' dir='ltr'>fructionem</span> <span class='ocrx_word' id='word_1_354' title='bbox 1001 3844 1036 3893; x_wconf 67' lang='grc' dir='ltr'>θ’</span> <span class='ocrx_word' id='word_1_355' title='bbox 1049 3844 1192 3893; x_wconf 79' lang='lat' dir='ltr'>fruitionem</span> <span class='ocrx_word' id='word_1_356' title='bbox 1203 3843 1238 3891; x_wconf 93' lang='lat' dir='ltr'><em>H</em></span> <span class='ocrx_word' id='word_1_357' title='bbox 1246 3841 1250 3907; x_wconf 98' lang='grc' dir='ltr'>Ι</span> <span class='ocrx_word' id='word_1_358' title='bbox 1266 3842 1404 3906; x_wconf 83' lang='lat' dir='ltr'>implebant</span> <span class='ocrx_word' id='word_1_359' title='bbox 1417 3843 1472 3906; x_wconf 85' lang='lat' dir='ltr'>(jor</span> 
     </span>
     <span class='ocr_line' id='line_1_35' title="bbox 258 3924 1547 4001; baseline -0.005 -23"><span class='ocrx_word' id='word_1_360' title='bbox 258 3928 329 3994; x_wconf 89' lang='lat' dir='ltr'>impl.</span> <span class='ocrx_word' id='word_1_361' title='bbox 340 3929 405 3988; x_wconf 89' lang='lat' dir='ltr'>uid.)</span> <span class='ocrx_word' id='word_1_362' title='bbox 417 3944 433 3975; x_wconf 86' lang='lat' dir='ltr'>r</span> <span class='ocrx_word' id='word_1_363' title='bbox 562 3926 594 3977; x_wconf 74' lang='lat'>26</span> <span class='ocrx_word' id='word_1_364' title='bbox 611 3928 686 3977; x_wconf 86' lang='lat' dir='ltr'>etiam</span> <span class='ocrx_word' id='word_1_365' title='bbox 698 3935 723 3976; x_wconf 89' lang='lat' dir='ltr'>et</span> <span class='ocrx_word' id='word_1_366' title='bbox 732 3928 765 3975; x_wconf 94' lang='lat' dir='ltr'><em>H</em></span> <span class='ocrx_word' id='word_1_367' title='bbox 774 3924 778 3989; x_wconf 91' lang='grc' dir='ltr'>Ι</span> <span class='ocrx_word' id='word_1_368' title='bbox 794 3927 925 3976; x_wconf 84' lang='lat' dir='ltr'>memorari</span> <span class='ocrx_word' id='word_1_369' title='bbox 941 3927 963 3976; x_wconf 90' lang='lat' dir='ltr'><em>C</em></span> <span class='ocrx_word' id='word_1_370' title='bbox 974 3924 1045 3991; x_wconf 81' lang='lat' dir='ltr'>(corr)</span> <span class='ocrx_word' id='word_1_371' title='bbox 1061 3924 1064 3991; x_wconf 92' lang='grc' dir='ltr'>Ι</span> <span class='ocrx_word' id='word_1_372' title='bbox 1080 3942 1126 3991; x_wconf 85' lang='lat' dir='ltr'>par</span> <span class='ocrx_word' id='word_1_373' title='bbox 1137 3936 1190 3976; x_wconf 77' lang='lat' dir='ltr'>erut</span> <span class='ocrx_word' id='word_1_374' title='bbox 1202 3924 1259 3989; x_wconf 79' lang='lat' dir='ltr'>(jor</span> <span class='ocrx_word' id='word_1_375' title='bbox 1269 3924 1445 3985; x_wconf 84' lang='lat' dir='ltr'>conueniebat)</span> <span class='ocrx_word' id='word_1_376' title='bbox 1457 3939 1472 3972; x_wconf 84' lang='lat' dir='ltr'>r</span> <span class='ocrx_word' id='word_1_377' title='bbox 1546 3996 1547 4001; x_wconf 14' lang='grc' dir='ltr'>Ι</span> 
     </span>
    </p>
   </div>
   <div class='ocr_carea' id='block_1_9' title="bbox 173 4053 1547 4369">
    <p class='ocr_par' dir='ltr' id='par_1_9' title="bbox 173 4053 1469 4289">
     <span class='ocr_line' id='line_1_36' title="bbox 259 4053 1469 4122; baseline -0.006 -13"><span class='ocrx_word' id='word_1_378' title='bbox 259 4060 302 4109; x_wconf 88' lang='lat' dir='ltr'>the</span> <span class='ocrx_word' id='word_1_379' title='bbox 318 4074 410 4109; x_wconf 89' lang='lat' dir='ltr'>comm.</span> <span class='ocrx_word' id='word_1_380' title='bbox 422 4074 456 4108; x_wconf 92' lang='lat' dir='ltr'>on</span> <span class='ocrx_word' id='word_1_381' title='bbox 476 4075 486 4108; x_wconf 85' lang='lat' dir='ltr'>r</span> <span class='ocrx_word' id='word_1_382' title='bbox 506 4058 573 4107; x_wconf 87' lang='lat' dir='ltr'>Tim.</span> <span class='ocrx_word' id='word_1_383' title='bbox 591 4059 618 4108; x_wconf 90' lang='lat' dir='ltr'>ii.</span> <span class='ocrx_word' id='word_1_384' title='bbox 634 4059 653 4108; x_wconf 85' lang='lat' dir='ltr'>l.</span> <span class='ocrx_word' id='word_1_385' title='bbox 665 4076 685 4108; x_wconf 88' lang='lat' dir='ltr'>c.</span> <span class='ocrx_word' id='word_1_386' title='bbox 703 4060 740 4122; x_wconf 84' lang='lat' dir='ltr'>(p.</span> <span class='ocrx_word' id='word_1_387' title='bbox 752 4060 792 4121; x_wconf 83' lang='lat'>85,</span> <span class='ocrx_word' id='word_1_388' title='bbox 810 4058 838 4107; x_wconf 88' lang='lat' dir='ltr'>ll.</span> <span class='ocrx_word' id='word_1_389' title='bbox 922 4058 962 4108; x_wconf 81' lang='lat'>26.</span> <span class='ocrx_word' id='word_1_390' title='bbox 992 4058 1020 4107; x_wconf 80' lang='lat' dir='ltr'>ob</span> <span class='ocrx_word' id='word_1_391' title='bbox 1034 4058 1107 4108; x_wconf 79' lang='lat' dir='ltr'>illam</span> <span class='ocrx_word' id='word_1_392' title='bbox 1113 4056 1311 4121; x_wconf 62' lang='lat' dir='ltr'>prouidentiam,</span> <span class='ocrx_word' id='word_1_393' title='bbox 1325 4054 1382 4115; x_wconf 70' lang='lat' dir='ltr'>dte]</span> <span class='ocrx_word' id='word_1_394' title='bbox 1414 4053 1469 4103; x_wconf 85' lang='lat' dir='ltr'>The</span> 
     </span>
     <span class='ocr_line' id='line_1_37' title="bbox 173 4134 1467 4207; baseline -0.007 -14"><span class='ocrx_word' id='word_1_395' title='bbox 173 4177 176 4183; x_wconf 85' lang='lat'><em>·</em></span> <span class='ocrx_word' id='word_1_396' title='bbox 261 4145 344 4207; x_wconf 81' lang='lat'>5—7).</span> <span class='ocrx_word' id='word_1_397' title='bbox 379 4142 422 4192; x_wconf 91' lang='lat' dir='ltr'>On</span> <span class='ocrx_word' id='word_1_398' title='bbox 439 4142 482 4190; x_wconf 87' lang='lat' dir='ltr'>the</span> <span class='ocrx_word' id='word_1_399' title='bbox 504 4139 600 4190; x_wconf 59' lang='lat' dir='ltr'>risum!</span> <span class='ocrx_word' id='word_1_400' title='bbox 620 4142 649 4191; x_wconf 89' lang='lat' dir='ltr'>of</span> <span class='ocrx_word' id='word_1_401' title='bbox 668 4159 690 4191; x_wconf 88' lang='lat' dir='ltr'>c.</span> <span class='ocrx_word' id='word_1_402' title='bbox 713 4142 741 4191; x_wconf 89' lang='lat' dir='ltr'>ii.</span> <span class='ocrx_word' id='word_1_403' title='bbox 767 4156 836 4205; x_wconf 82' lang='lat' dir='ltr'>rsq.</span> <span class='ocrx_word' id='word_1_404' title='bbox 889 4139 1002 4200; x_wconf 80' lang='lat' dir='ltr'>widows,</span> <span class='ocrx_word' id='word_1_405' title='bbox 1026 4154 1054 4188; x_wconf 88' lang='lat' dir='ltr'>as</span> <span class='ocrx_word' id='word_1_406' title='bbox 1076 4138 1223 4204; x_wconf 84' lang='lat' dir='ltr'>pensioners</span> <span class='ocrx_word' id='word_1_407' title='bbox 1242 4137 1273 4185; x_wconf 92' lang='lat' dir='ltr'>of</span> <span class='ocrx_word' id='word_1_408' title='bbox 1292 4137 1336 4185; x_wconf 87' lang='lat' dir='ltr'>the</span> <span class='ocrx_word' id='word_1_409' title='bbox 1358 4134 1467 4193; x_wconf 82' lang='lat' dir='ltr'>Cburch,</span> 
     </span>
     <span class='ocr_line' id='line_1_38' title="bbox 259 4215 1468 4289; baseline -0.008 -15"><span class='ocrx_word' id='word_1_410' title='bbox 259 4224 343 4274; x_wconf 85' lang='lat' dir='ltr'>which</span> <span class='ocrx_word' id='word_1_411' title='bbox 354 4224 461 4281; x_wconf 87' lang='lat' dir='ltr'>follows,</span> <span class='ocrx_word' id='word_1_412' title='bbox 474 4224 506 4274; x_wconf 86' lang='lat' dir='ltr'>cf.</span> <span class='ocrx_word' id='word_1_413' title='bbox 518 4237 537 4272; x_wconf 91' lang='lat'>1.</span> <span class='ocrx_word' id='word_1_414' title='bbox 550 4241 576 4289; x_wconf 91' lang='lat' dir='ltr'>p.</span> <span class='ocrx_word' id='word_1_415' title='bbox 590 4224 660 4274; x_wconf 81' lang='lat' dir='ltr'>lxvii.</span> <span class='ocrx_word' id='word_1_416' title='bbox 674 4224 720 4285; x_wconf 86' lang='lat'><strong>(6).</strong></span> <span class='ocrx_word' id='word_1_417' title='bbox 889 4220 981 4270; x_wconf 88' lang='lat' dir='ltr'>should</span> <span class='ocrx_word' id='word_1_418' title='bbox 1008 4220 1073 4269; x_wconf 87' lang='lat' dir='ltr'>have</span> <span class='ocrx_word' id='word_1_419' title='bbox 1098 4219 1216 4268; x_wconf 80' lang='lat' dir='ltr'>followed</span> <span class='ocrx_word' id='word_1_420' title='bbox 1249 4224 1310 4267; x_wconf 86' lang='lat' dir='ltr'>next</span> <span class='ocrx_word' id='word_1_421' title='bbox 1337 4215 1400 4265; x_wconf 78' lang='lat' dir='ltr'>after</span> <span class='ocrx_word' id='word_1_422' title='bbox 1427 4215 1468 4265; x_wconf 85' lang='lat' dir='ltr'>the</span> 
     </span>
    </p>

    <p class='ocr_par' dir='ltr' id='par_1_10' title="bbox 293 4290 1547 4369">
     <span class='ocr_line' id='line_1_39' title="bbox 293 4290 1547 4369; baseline -0.005 -16"><span class='ocrx_word' id='word_1_423' title='bbox 293 4307 317 4355; x_wconf 89' lang='grc'>8.</span> <span class='ocrx_word' id='word_1_424' title='bbox 368 4305 473 4365; x_wconf 71' lang='lat' dir='ltr'>adum]</span> <span class='ocrx_word' id='word_1_425' title='bbox 517 4304 558 4354; x_wconf 88' lang='lat' dir='ltr'>Cf.</span> <span class='ocrx_word' id='word_1_426' title='bbox 581 4317 600 4354; x_wconf 93' lang='lat'>1.</span> <span class='ocrx_word' id='word_1_427' title='bbox 625 4290 733 4369; x_wconf 34' lang='lat' dir='ltr'>p.&#39;3o7,</span> <span class='ocrx_word' id='word_1_428' title='bbox 755 4304 773 4354; x_wconf 85' lang='lat'>1.</span> <span class='ocrx_word' id='word_1_429' title='bbox 799 4318 837 4360; x_wconf 79' lang='lat'>12,</span> <span class='ocrx_word' id='word_1_430' title='bbox 890 4303 991 4354; x_wconf 85' lang='lat' dir='ltr'>Church</span> <span class='ocrx_word' id='word_1_431' title='bbox 1002 4302 1172 4362; x_wconf 86' lang='lat' dir='ltr'>officers;see</span> <span class='ocrx_word' id='word_1_432' title='bbox 1183 4302 1273 4360; x_wconf 85' lang='lat' dir='ltr'>above,</span> <span class='ocrx_word' id='word_1_433' title='bbox 1288 4317 1314 4366; x_wconf 91' lang='lat' dir='ltr'>p.</span> <span class='ocrx_word' id='word_1_434' title='bbox 1329 4298 1413 4364; x_wconf 76' lang='lat' dir='ltr'>153,l</span> <span class='ocrx_word' id='word_1_435' title='bbox 1433 4314 1468 4362; x_wconf 70' lang='lat'>15,</span> <span class='ocrx_word' id='word_1_436' title='bbox 1546 4344 1547 4347; x_wconf 75' lang='grc'>,</span> 
     </span>
    </p>
   </div>
   <div class='ocr_carea' id='block_1_10' title="bbox 259 4395 957 4526">
    <p class='ocr_par' dir='ltr' id='par_1_11' title="bbox 259 4395 957 4526">
     <span class='ocr_line' id='line_1_40' title="bbox 259 4395 957 4436; baseline -0.004 0"><span class='ocrx_word' id='word_1_437' title='bbox 259 4395 329 4436; x_wconf 82' lang='lat' dir='ltr'>note·</span> <span class='ocrx_word' id='word_1_438' title='bbox 889 4395 957 4434; x_wconf 87' lang='lat' dir='ltr'>note.</span> 
     </span>
     <span class='ocr_line' id='line_1_41' title="bbox 294 4465 657 4526; baseline 0.006 -12"><span class='ocrx_word' id='word_1_439' title='bbox 294 4482 333 4514; x_wconf 63' lang='grc' dir='ltr'>τι.</span> <span class='ocrx_word' id='word_1_440' title='bbox 366 4467 402 4512; x_wconf 78' lang='lat' dir='ltr'>ad</span> <span class='ocrx_word' id='word_1_441' title='bbox 411 4465 579 4525; x_wconf 77' lang='lat' dir='ltr'>koc]=adhuc</span> <span class='ocrx_word' id='word_1_442' title='bbox 592 4467 657 4526; x_wconf 75' lang='grc' dir='ltr'>(ἔτι).</span> 
     </span>
    </p>
   </div>
   <div class='ocr_carea' id='block_1_11' title="bbox 0 0 1578 5100">
    <p class='ocr_par' dir='ltr' id='par_1_12' title="bbox 0 0 1578 5100">
     <span class='ocr_line' id='line_1_42' title="bbox 0 0 1578 5100; baseline 0 0"><span class='ocrx_word' id='word_1_443' title='bbox 0 0 1578 5100; x_wconf 95' lang='lat' dir='ltr'> </span> 
     </span>
    </p>
   </div>
  </div>
 </body>
</html>
