3142 5100
270 335 336 402 244
605 331 836 385 rnaooonus
859 332 1152 387 nousuasranus
1285 318 1322 403 [1.
1340 304 1453 399 13415·

270 499 335 566 hoc
361 502 450 569 idem
477 503 511 568 in
526 504 704 587 prouerbio
726 504 817 588 apud
840 526 898 569 eos
920 506 1101 582 dicebatur,
1124 506 1210 571 sicut
1232 514 1266 570 et
1288 503 1383 569 multa
1400 501 1453 565 alia

270 607 362 690 apud
387 607 544 689 antiquos
569 607 635 670 dici
661 607 824 685 solebant,
842 608 933 691 quod
958 630 1020 672 usu
1047 610 1120 692 ipso
1143 630 1163 673 a
1186 609 1324 692 posteris
1343 608 1374 670 in
1391 624 1453 687 pro

271 709 422 774 uerbium
439 708 641 773 dicebatur.*
664 709 721 772 hoc
736 710 871 793 (inquit)
887 712 1104 775 testimonium
1120 734 1235 775 uerum
1249 722 1314 787 ιω,-
1335 710 1392 773 hoc
1405 718 1453 780 est,

271 833 386 876 uerum
403 821 454 875 est
475 812 579 891 illud;
602 813 645 875 de
667 812 882 877 Cretensibus
905 814 1104 878 dictumest
1126 817 1169 878 ab
1190 814 1302 898 aliquo
1315 815 1367 897 qui
1379 813 1454 896 apud

240 917 348 994 5ill0s
378 915 505 979 dudum
538 935 679 997 magnus
713 935 786 978 esse
824 916 1071 981 aestimabatur.
1117 917 1198 980 ‘hoc
1236 919 1323 980 idern
1357 916 1455 992 adsero

274 1019 407 1102 (inquit)
431 1027 465 1082 et
488 1040 551 1101 ego
574 1018 617 1081 de
640 1019 730 1100 ipsis
746 1040 786 1081 eo
810 1020 899 1102 quod
922 1022 1080 1103 dogmate
1099 1022 1250 1085 ueritatis
1272 1020 1388 1083 nullam
1408 1039 1455 1080 ex·

273 1122 423 1206 pendunt
439 1121 705 1199 sollicitudiuem,
723 1124 779 1183 sed
797 1125 962 1202 contrario
978 1124 1156 1189 intendunt
1172 1124 1348 1188 mendaciis
1361 1145 1456 1187 eorum

273 1227 331 1309 qui
346 1248 390 1290 ex
403 1226 651 1289 circumcisione
666 1237 753 1302 sunt,
767 1228 824 1308 qui
841 1227 921 1290 nihil
939 1249 1053 1293 uerum
1064 1231 1184 1293 docere
1198 1251 1257 1294 eos
1272 1224 1457 1293 adnituntur?

274 1330 354 1412 quid
371 1350 449 1412 ergo
466 1330 534 1393 fieri
551 1330 651 1395 debet
667 1330 731 1399 illis
746 1333 802 1414 qui
819 1332 902 1395 tales
918 1335 1018 1398 sunt?

223 1507 263 1555 10
339 1482 377 1545 ob
399 1501 498 1564 quam
520 1501 653 1543 causam
679 1501 781 1561 argue
803 1503 854 1543 eos
879 1482 1083 1560 uehementer,
1108 1493 1147 1546 ut
1168 1483 1247 1547 sani
1263 1483 1332 1548 sint
1347 1482 1379 1546 in
1390 1480 1458 1565 fide,

275 1606 337 1648 non
353 1584 548 1649 intendentes
566 1583 714 1648 Iudaicis
727 1586 860 1667 sabulis
877 1596 909 1649 et
928 1587 1096 1652 mandatis
1114 1587 1285 1651 hominum
1304 1585 1359 1669 qui
1368 1584 1461 1648 auersi

273 1700 352 1754 sunt
364 1710 387 1753 a
402 1689 544 1752 ueritate.

341 1819 569 1883 ‘uehementer
580 1817 715 1902 (inquit)
728 1840 866 1902 arguere
877 1841 936 1883 eos
948 1829 984 1884 ut
997 1820 1029 1883 in
1045 1819 1111 1886 fide
1127 1842 1209 1884 sana
1225 1821 1400 1903 persistant,
1409 1836 1460 1878 nec

275 1927 319 1990 ab
343 1924 406 1988 illis
428 1924 629 1987 seducantur
644 1924 700 2006 qui
722 1922 851 1987 fabulas
869 1924 1034 2006 quasdam
1057 1934 1090 1987 et
1104 1923 1323 1988 deliramenta
1337 1921 1460 1985 relenrnt

224 2040 260 2108 15
276 2031 470 2115 composita,
480 2029 639 2092 docentes
651 2047 709 2090 eos
719 2025 828 2108 legem
841 2047 972 2090 seruare
977 2049 985 2105 ;
999 2026 1089 2110 quod
1100 2027 1297 2090 mandatum
1309 2023 1459 2087 hominum

276 2148 327 2202 est
349 2154 464 2199 eorum
487 2132 543 2215 qui
568 2131 699 2194 ueritati
721 2131 858 2193 minime
883 2130 1070 2206 intendunt,
1094 2139 1129 2192 et
1152 2129 1263 2212 legem
1285 2127 1392 2191 nolunt
1410 2143 1461 2206 per

276 2240 341 2305 Dei
365 2255 494 2302 cessare
523 2232 742 2299 sententiam’
786 2232 909 2296 deinde
931 2241 965 2295 et
988 2232 1148 2296 aduersus
1170 2234 1262 2297 dicta
1280 2232 1400 2296 illorum
1419 2230 1460 2292 in·

275 2362 413 2427 surgens
428 2341 571 2405 adiecit:

339 2491 449 2557 omnia
462 2489 591 2573 quidem
606 2487 730 2552 munda
747 2487 880 2552 mundis
889 2510 905 2563 ,·
928 2485 1145 2571 coinquinatis
1160 2509 1236 2552 uero
1256 2499 1289 2553 et
1302 2486 1461 2575 infidelibus

219 2611 263 2662 20
275 2597 363 2663 nihil
374 2595 540 2673 mundum,
556 2595 615 2659 sed
624 2594 832 2677 coinquinata
846 2603 894 2656 est
905 2613 1015 2656 eorum
1030 2603 1061 2657 et
1074 2614 1165 2657 mens
1177 2605 1209 2658 ct
1222 2595 1409 2660 conscientia

339 2723 409 2808 †eo
424 2723 516 2808 quod
532 2745 611 2808 erga
626 2744 775 2788 escarum
793 2723 1053 2805 insumptionem
1068 2722 1264 2806 scrupuloso
1278 2745 1374 2807 agere
1387 2721 1462 2786 uide·

273 2923 329 2991 καὶ
351 2927 416 2990 τῶν
439 2925 513 2992 τότε
535 2928 576 3012 τῇ
601 2929 693 3014 φωνῇ
715 2925 930 3013 κεχρημένων,
954 2925 1068 3014 ὥσπερ
1093 2925 1225 2994 οὖνκαὶ
1250 2927 1345 3016 ἔτερα
1365 2921 1462 2992 πολλὰ

274 3033 339 3096 τῶν
367 3030 459 3119 παρὰ
490 3035 557 3102 τοῖς
586 3030 734 3120 ἀρχαίοις
764 3031 948 3119 φερομένων
978 3033 1012 3098 ἐν
1040 3031 1234 3119 παροιμίαις
1263 3031 1379 3121 χρήσει
1408 3031 1462 3096 τοῖς

275 3137 412 3224 ὕστερον
437 3134 571 3219 ἐγένετο.

219 3271 239 3319 2
244 3269 260 3337 5
340 3243 450 3327 ἐπειδὴ
469 3243 548 3328 περὶ
566 3240 611 3310 τὰ
626 3239 793 3329 βρώματα
811 3238 1110 3328 ἀκριβολογεῖσθαι
1130 3237 1271 3320 ἐδόκουν,
1287 3238 1327 3309 ὥς
1341 3237 1380 3306 ἂν
1393 3234 1462 3304 rard

325 3414 339 3447 ο
356 3397 465 3463 antiquis
478 3395 517 3446 C*
528 3396 564 3446 H
657 3409 671 3459 5
687 3411 792 3460 magnas
805 3395 828 3445 C
924 3391 940 3443 6
955 3394 1075 3459 dogmate
1088 3392 1111 3443 C
1119 3393 1153 3442 H
1157 3409 1173 3442 r
1184 3390 1190 3456 Ι
1203 3393 1302 3443 nullum
1316 3392 1353 3444 C*
1451 3401 1462 3451 7

275 3488 380 3531 econtr.
392 3498 408 3529 r
549 3479 566 3529 8
582 3478 703 3528 adnititur
715 3477 755 3528 C*
767 3478 802 3527 H
927 3490 943 3540 9
960 3477 1034 3525 debet
1047 3475 1091 3541 qui
1102 3474 1196 3538 (sord.
1208 3475 1323 3541 illisqui)
1334 3476 1367 3525 H
1389 3473 1463 3523 debes

276 3560 373 3627 quiarl
389 3562 426 3610 illi
439 3559 494 3625 (afl
509 3559 575 3625 sunt)
587 3561 639 3610 add
646 3560 680 3610 H
686 3577 703 3609 r
822 3573 851 3621 13
868 3558 926 3608 ueh.
938 3573 991 3623 arg.
1003 3573 1047 3608 eos
1058 3556 1184 3623 praecepit
1197 3555 1256 3622 (sor
1264 3558 1323 3607 ueh.
1334 3556 1409 3622 inquit
1422 3569 1463 3617 erg·

275 3643 329 3705 eos)
340 3642 373 3706 rl
388 3658 420 3693 ne
432 3642 490 3707 (sor
500 3644 556 3703 nec)
568 3658 584 3690 r
678 3658 706 3705 ¹4
723 3642 888 3691 liberamenta
902 3641 940 3691 C*
952 3642 996 3691 H:
1012 3648 1055 3690 νων
1064 3656 1081 3689 r
1171 3652 1208 3702 ιγ,
1227 3644 1255 3691 18
1273 3637 1464 3691 deinde...adiecit

275 3742 315 3776 οοι
326 3741 343 3775 r
427 3725 456 3773 18
472 3723 550 3773 adicit
563 3724 586 3774 C
666 3736 696 3789 19
712 3723 816 3788 quidam
830 3722 885 3772 Εἰ
901 3739 940 3773 om
952 3739 968 3771 r
1055 3738 1088 3772 οο
1103 3722 1172 3787 quod
1183 3722 1316 3787 inquinata
1327 3723 1381 3787 (sor
1388 3717 1463 3783 noim-l

279 3806 318 3858 C*
331 3806 365 3856 H
390 3805 488 3871 polluta
502 3822 518 3854 r
614 3819 645 3870 25
663 3821 700 3871 sq.
718 3804 795 3855 Coisl.
816 3822 871 3866 204,
892 3804 909 3855 f.
926 3807 974 3856 228
993 3822 1009 3855 a
1028 3804 1081 3868 [Cr.
1100 3803 1142 3853 vii
1162 3819 1203 3870 93,
1222 3805 1266 3853 Fr.
1290 3804 1346 3868 158]
1360 3804 1461 3862 otidum

276 3887 353 3939 mor
364 3887 448 3949 φησίν·
460 3883 552 3947 ἐπειδή,
566 3889 639 3937 κ.τ.λ.

313 4034 351 4070 10.
367 4014 857 4082 argute...uekemmter]ilreyxc...drcrd·
909 4016 925 4064 l.
952 4013 984 4080 r).
1017 4015 1211 4074 Deliranmrta;
1229 4016 1340 4075 Riinseh‚
1358 4015 1461 4077 [talou

276 4120 333 4164 μως.
373 4101 448 4150 Latin
460 4099 580 4160 versions,
590 4099 857 4164 “increpa...acriter’'
909 4111 949 4159 ²3·
983 4095 1106 4160 ef.11.p.
1121 4108 1147 4156 71
1162 4111 1200 4159 sq.

276 4199 297 4231 s.
314 4179 429 4230 “dure”
464 4180 517 4242 Qui
531 4179 616 4228 auersi
628 4186 706 4235 sunm
722 4179 798 4228 Latin
814 4196 856 4228 au·
942 4192 981 4240 ιο.
1009 4177 1095 4225 omnia
1113 4176 1225 4241 quidem]
1258 4175 1339 4227 πάντα
1356 4176 1403 4237 μέν.
1438 4174 1465 4224 Su

276 4261 398 4321 thorities,
421 4275 490 4309 more
511 4259 641 4322 correctly‚
664 4259 855 4309 “auersantium
907 4258 1005 4322 Chrys,
1025 4258 1119 4318 Thdr.;
1142 4258 1186 4308 the
1203 4258 1280 4308 Intin
1296 4258 1401 4309 versions
1414 4253 1464 4305 omit

277 4346 306 4406 (s.
321 4341 495 4402 auertendum)
507 4340 561 4390 se.”
905 4340 1012 4405 qur'u'crn·

313 4420 487 4484 13.argmre]
521 4419 572 4469 Inr.
585 4421 622 4468 for
641 4421 701 4485 imp.
715 4422 745 4480 (1.
758 4438 783 4486 p.
797 4432 852 4483 307,
939 4436 980 4471 οι.
1008 4420 1215 4485 insumptr'onem]
1249 4422 1298 4472 See
1312 4423 1372 4470 lerna
1407 4416 1465 4467 wll
