3142 5100
102 410 121 473 1.
135 408 268 494 10-12.]
430 420 474 472 m
497 421 550 474 Er.
571 420 623 471 An
645 418 878 474 rmrorrmum
900 418 939 471 11.
1228 418 1290 485 199

94 595 195 678 sertata
229 605 339 662 autem
377 592 488 680 [nunc]
515 605 577 678 per
610 593 835 660 reuelationem
871 591 1048 659 saluatms
1079 590 1184 657 nostri
1212 591 1288 657 Iesu

103 697 212 764 Christi.

151 845 191 907 ‘si
212 844 302 908 enim
325 844 420 908 exitu
442 843 652 928 negotiorum
675 864 802 910 nouum
827 865 900 910 esse
922 843 1120 929 perspicitur
1142 863 1287 927 euange-

101 944 171 1022 lium,
187 949 243 1012 sed
266 948 406 1012 arbitrio
428 946 586 1033 donantis
607 947 784 1031 antiquum
806 958 868 1013 est.
914 968 993 1012 nam
1009 947 1138 1013 dudum
1152 947 1235 1013 haec
1251 951 1286 1016 in

102 1047 211 1114 Christo
234 1049 304 1114 fieri
327 1050 528 1133 probauerat
543 1048 656 1129 Deus;
680 1070 769 1114 nunc
784 1071 865 1134 ergo
884 1051 1021 1133 quando
1044 1051 1116 1133 ipse
1132 1049 1286 1117 Christus
1323 1071 1339 1140 5

50 1171 51 1174 ¹
102 1151 177 1215 nobis
190 1153 343 1236 adparuit
359 1153 393 1215 in
409 1173 509 1236 opere
525 1151 606 1216 illud
622 1151 804 1236 produxit?
825 1162 860 1216 et
875 1153 1143 1236 magnitudinem
1154 1153 1286 1220 illorum

99 1255 238 1322 bonorum
260 1276 347 1340 quae
364 1276 426 1340 pro
449 1256 546 1319 nobis
567 1253 699 1320 fuerant
717 1257 913 1339 dispensata
932 1257 977 1320 ad
998 1255 1284 1324 confirmationem

102 1360 244 1443 euangelii
261 1356 483 1444 [ostendens],
499 1358 645 1423 adiecit:

152 1494 203 1576 qui
219 1492 383 1559 dcstnait
395 1491 525 1575 quzilem
542 1501 685 1570 mortem,
702 1491 921 1557 inluminauit
935 1501 1045 1557 autem
1062 1492 1170 1558 uitam
1188 1504 1220 1561 et
1239 1493 1288 1561 in·

101 1599 310 1682 emptionem
319 1609 383 1680 per
394 1596 606 1678 drongarium.
1307 1616 1347 1665 10

153 1710 228 1774 ‘hoc
256 1709 390 1794 (inquit)
418 1708 516 1788 secit3
539 1708 708 1773 destruxit
730 1709 867 1793 quidem
892 1717 1044 1788 mortem,
1071 1710 1179 1775 uitam
1208 1731 1289 1776 uero

101 1816 250 1896 quandam
266 1833 391 1878 nouam
411 1813 510 1876 nobis
531 1812 702 1892 reuelauit,
723 1815 882 1896 quoniam
908 1812 994 1898 [pro]
1019 1815 1175 1878 omnibus
1192 1814 1290 1879 liber-

103 1927 164 1981 atus
176 1928 224 1983 est
237 1917 435 2001 corruptela„
478 1916 556 1982 talis
578 1919 667 1982 enim
687 1927 738 1982 est
757 1917 815 1982 illa
829 1918 900 1982 uita
920 1939 1023 2001 quam
1047 1939 1107 2002 per
1129 1939 1291 1983 resurrec-

102 2020 210 2086 tionem
230 2024 327 2087 nobis
342 2023 444 2087 tribui
460 2022 696 2106 expectamus)
741 2031 775 2087 et
796 2024 957 2106 quoniam
977 2024 1180 2088 sufficienter
1196 2045 1289 2107 mag·

103 2124 235 2190 nitudine
248 2126 447 2209 dogmatum
463 2126 607 2189 eundem
623 2125 784 2203 inritauit,
799 2126 939 2191 adiecit:
1308 2151 1344 2219 15

155 2260 189 2323 in
221 2281 281 2344 quo
302 2260 431 2345 positus
458 2281 535 2325 sum
562 2281 618 2346 ego
640 2262 850 2346 prmdtator
875 2271 908 2327 et
933 2263 1093 2347 apostolus
1124 2273 1157 2330 et
1187 2264 1295 2330 doctor

97 2365 238 2447 gentium.

157 2487 189 2542 et
202 2488 238 2543 ut
251 2478 293 2543 ad
309 2478 564 2544 similitudinem
576 2480 729 2545 incitaret
745 2479 982 2545 iimotheum:
999 2486 1078 2565 ‘pro
1090 2480 1142 2545 his
1159 2480 1291 2566 (inquit)

102 2600 156 2662 ego
169 2585 364 2647 constitutus
378 2604 461 2660 sum,
476 2585 524 2648 ita
544 2592 581 2647 ut
597 2593 631 2648 et
646 2593 683 2648 tu
699 2583 784 2647 haec
802 2604 906 2667 agens
928 2586 1097 2669 particeps
1119 2585 1199 2649 mihi
1220 2606 1293 2651 esse

103 2686 246 2749 uidearis?
285 2696 320 2751 et
333 2686 422 2750 ultra
437 2687 479 2750 de
495 2688 562 2750 suis
578 2687 724 2751 eundem
740 2685 888 2770 plenarie
904 2687 1095 2767 adhortans,
1111 2688 1249 2754 adiecit:
1308 2703 1351 2752 20

158 2814 303 2896 quomod
317 2835 386 2879 rem
400 2823 431 2878 et
443 2813 661 2898 haecpatzom
685 2814 744 2879 sed
754 2836 819 2879 non
832 2815 1020 2898 confundor.

158 2949 239 3016 bene
263 2952 376 3036 posuit
399 2972 463 3015 non
488 2952 674 3034 confundor,
699 2953 778 3037 quia
802 2962 836 3018 et
856 2954 891 3017 in
914 2953 1137 3038 superioribus
1162 2952 1295 3020 dixerat

148 3111 158 3145 r
175 3113 236 3148 nunc
246 3114 284 3148 om
299 3098 361 3148 CH
476 3111 490 3161 5
508 3098 651 3163 probauerit
661 3099 697 3148 H
812 3101 827 3150 8
844 3100 978 3150 ostendens
989 3115 1028 3149 om
1042 3100 1107 3149 CH
1112 3118 1129 3149 r
1140 3097 1145 3165 Ι
1160 3101 1235 3151 adicit
1250 3102 1272 3151 C
1281 3118 1298 3152 r

105 3191 130 3226 ri
145 3179 312 3230 mbisnouam
323 3197 340 3229 r
351 3177 357 3244 Ι
370 3195 436 3246 quae
447 3180 562 3231 omnibus
577 3181 657 3230 libera
672 3196 695 3231 e.
711 3180 749 3231 C!
761 3196 779 3231 r
815 3183 934 3247 quoniam
950 3182 1066 3232 omnibus
1082 3182 1202 3234 liberatus
1218 3191 1256 3235 est
1266 3185 1302 3234 H

106 3273 132 3322 1³
146 3262 322 3313 ressurectionis
332 3263 367 3312 H
495 3278 525 3324 14
541 3262 739 3327 magnitudinem
753 3263 775 3313 C
784 3264 818 3313 H
824 3280 841 3312 r
977 3278 1006 3327 15
1024 3265 1050 3314 in
1062 3262 1236 3329 (beseundem)
1247 3266 1299 3316 add

106 3336 126 3385 C
130 3339 159 3387 H
169 3337 174 3402 Ι
186 3340 256 3391 adicit
269 3342 290 3392 C
299 3358 316 3391 r
400 3341 430 3393 16
446 3348 471 3392 et
482 3358 521 3391 om
532 3358 549 3390 r
560 3340 566 3407 Ι
580 3342 698 3407 ωεςὶεῑεῐ
710 3341 768 3407 (sor
777 3341 875 3409 doctor)
887 3360 904 3394 r
987 3358 1017 3411 19
1032 3345 1161 3410 apostolus
1173 3343 1222 3410 (ast
1230 3345 1295 3410 sum)

103 3419 189 3485 adar}
204 3423 234 3472 ita
245 3422 386 3490 (tesagens)
397 3424 493 3474 addH
601 3439 634 3474 πο
649 3425 726 3475 adicit
746 3426 795 3475 Cr
909 3440 939 3477 rr
957 3443 1034 3494 quarn
1045 3428 1190 3478 obeausam
1201 3429 1236 3478 H
1263 3429 1298 3480 ob

104 3518 173 3569 quem
183 3522 276 3557 musam
285 3507 312 3557 h.
325 3522 349 3571 p.
363 3521 381 3556 r
488 3519 520 3555 rr
536 3505 667 3571 superibus
681 3506 781 3570 (sic)H

103 3634 226 3698 Αἰαίη).
251 3636 307 3686 The
324 3635 489 3687 omissiones
505 3636 669 3687 numisnot
754 3636 792 3690 16.
827 3638 911 3689 doctor
930 3639 1055 3704 gentiam]
1083 3640 1159 3690 Latin
1175 3640 1295 3703 verrimes,

104 3715 149 3765 due
159 3724 187 3766 to
197 3717 262 3769 Th’s
275 3726 343 3777 text;
361 3734 403 3769 see
418 3718 462 3768 the
476 3734 576 3779 comm,
589 3718 667 3782 infra,
722 3719 891 3785 “magister'’
922 3721 961 3772 Cf.
980 3738 990 3772 r
1005 3721 1072 3771 Tim.
1084 3722 1109 3773 ii
1124 3721 1149 3774 6.

104 3797 121 3847 1.
145 3813 167 3863 5.
205 3803 380 3853 Rnulationem
404 3805 489 3864 (ιτῆς
516 3804 670 3864 drepanius:
752 3816 793 3851 rr.
825 3818 902 3867 quam
918 3802 945 3852 ob
961 3803 1025 3864 rem]
1048 3802 1097 3853 See
1115 3809 1175 3854 note
1193 3818 1227 3853 on
1242 3802 1299 3855 v.6

104 3894 131 3929 ⁸0
147 3880 225 3945 again,
243 3880 264 3934 ci
285 3884 320 3934 iv.
343 3881 382 3949 1);
400 3882 487 3948 vulg„
512 3883 669 3933 “inlumirro·
720 3879 825 3947 (mpra).
1103 3890 1106 3895 ’

104 3960 218 4022 tionem,”
232 3964 326 4030 though
341 3965 368 4014 in
381 3964 425 4014 the
439 3970 499 4015 next
513 3980 583 4015 verse
603 3964 670 4030 “qui
753 3973 794 4008 Μ.
826 3959 1219 4027 betoeposm't‘nonconfimdor']
1243 3962 1300 4013 The

104 4043 346 4098 inlumimuit‘’=wp
363 4050 523 4110 portam.
721 4042 854 4092 translator
872 4042 894 4093 is
913 4043 972 4094 here
991 4058 1020 4093 ro
1042 4043 1093 4093 ried
1113 4052 1140 4094 to
1159 4045 1202 4093 the
1224 4045 1300 4095 Latin

137 4138 160 4186 5·
171 4126 315 4188 promerui
324 4128 405 4190 Deus]
427 4127 467 4178 Cf.
479 4140 499 4177 1.
508 4144 533 4193 p.
546 4141 600 4190 125,
610 4126 627 4177 l.
640 4143 670 4191 3:
721 4125 839 4185 versions,
864 4125 920 4175 that
940 4126 985 4175 the
1006 4125 1187 4190 requirements
1208 4124 1239 4175 oi
1257 4127 1300 4177 the

105 4206 248 4270 “antiquam
268 4207 343 4260 fuisse
370 4209 421 4260 Dei
442 4211 474 4260 de
495 4209 536 4259 his
562 4209 668 4274 proba·
721 4223 793 4257 sense
803 4207 868 4258 hove
882 4215 927 4257 not
940 4207 1048 4258 indueed
1063 4208 1117 4257 him
1128 4216 1155 4258 to
1167 4209 1300 4258 substitute

106 4288 216 4338 tionem
225 4290 354 4341 ostendit?
379 4293 456 4342 From
468 4293 588 4348 δοθεῖσαν,
594 4293 667 4341 κ.τ.λ.
722 4284 889 4348 “erubeseo,''
900 4303 964 4337 even
975 4287 1001 4336 in
1012 4286 1055 4336 the
1065 4302 1156 4336 comm.
1175 4287 1231 4336 The
1240 4278 1301 4336 cori·

106 4369 181 4419 Thoe
199 4370 274 4421 draws
289 4389 305 4421 a
322 4372 415 4423 further
432 4372 564 4435 inferenre,
582 4372 665 4422 which
721 4368 815 4419 nexion
822 4370 937 4419 between
945 4371 1051 4418 verses8
1063 4370 1114 4418 end
1128 4368 1301 4419 roisnotieed

106 4451 155 4501 Tb.
172 4450 219 4501 has
233 4452 396 4506 overlooked:
412 4456 499 4516 ἔδειξεν
517 4456 561 4505 τοῦ
578 4454 628 4503 vioi
643 4453 672 4502 τὸ
721 4449 775 4499 also
786 4448 822 4512 by
829 4448 920 4499 Thdt:
941 4445 995 4498 ‘orie
1005 4445 1204 4510 ἐπαισχύνομαι”
1215 4449 1302 4497 τούτου

106 4532 189 4583 ἀΐδιον.
723 4532 796 4593 χάριν
819 4533 859 4581 καὶ
876 4528 912 4592 τῷ
930 4526 1028 4593 μαθητῇ
1052 4526 1087 4591 μή
1109 4527 1302 4591 ἐπαισχύνεσθαι
