3142 5100
70 404 261 491 ·lll.1,2.]
450 423 492 475 m
515 423 568 477 ar.
591 423 642 474 ab
665 422 898 476 τιιιοιιιιυιι
922 423 960 475 ιι.
1236 429 1274 480 21
1281 430 1299 495 3

96 589 240 656 uolentes
251 593 440 676 suscipere?
462 591 584 658 deinde
595 602 630 658 et
641 592 827 658 futurorum
839 591 873 656 in
885 590 1075 656 nouissimis
1090 593 1299 675 temporibus

96 698 250 760 memoria
272 696 468 761 consolatur
488 697 626 760 beatum
644 695 862 759 Timotheum
884 704 922 760 ut
944 715 1011 760 non
1029 695 1143 760 animo
1164 694 1298 762 deficiat

95 819 150 881 pro
164 801 376 883 prauissimis
391 801 596 885 temporibus
613 799 673 885 [et]
689 799 900 864 hominibus:

152 944 207 1008 hoc
226 946 366 1030 (inquit)
386 968 528 1032 cognosce
546 947 699 1032 quoniam
718 947 754 1011 in
779 944 969 1011 nouissimis
991 945 1103 1010 diebus
1130 944 1300 1011 obstabunt

96 1052 427 1135 temporapm'culosa.
1337 1051 1353 1117 5

154 1178 328 1242 consueuit
343 1197 489 1260 namque
510 1177 712 1241 deteriorum
733 1174 896 1239 memoria
918 1173 1091 1239 consolare
1112 1194 1171 1239 eos
1190 1174 1297 1259 quiin

97 1280 235 1343 moribus
258 1280 359 1344 malis
379 1289 465 1343 sunt
510 1289 545 1343 et
568 1299 657 1363 quae
680 1279 748 1343 sint
772 1287 927 1362 tempora
950 1277 1136 1362 periculosa
1159 1299 1298 1365 egerens

97 1381 226 1447 adiecit:

153 1533 247 1587 erunt
260 1522 398 1607 (inquit)
413 1522 556 1588 homines
569 1521 712 1607 †seipsos
725 1531 881 1589 amantes.

154 1652 265 1716 omnia
281 1653 326 1716 ad
342 1671 438 1716 suam
454 1650 613 1716 iacientes
628 1648 809 1714 utilitatem
825 1648 879 1713 uel
894 1647 1216 1732 modificationem*
1316 1661 1355 1709 10

154 1795 261 1879 cupidi
265 1794 491 1879 pecuozzorum.

154 1920 231 2004 quia
245 1932 281 1987 et
296 1922 447 1987 studium
462 1940 562 1986 omne
577 1919 775 2003 expendunt
791 1918 825 1983 in
840 1917 1037 2003 colligendis
1051 1920 1208 2004 pecuniis.

154 2056 263 2133 †eloti.

59 2227 64 2236 -
155 2185 209 2268 qui
224 2186 354 2251 iactant
367 2206 404 2249 se
419 2184 475 2250 illa
490 2183 614 2249 habere
628 2202 715 2267 quae
731 2202 798 2247 non
813 2181 947 2247 habent

154 2325 286 2411 superbi.
1315 2369 1352 2436 15

155 2451 209 2533 qui
225 2472 352 2535 magna
365 2451 499 2534 sapiunt
514 2471 575 2535 pro
591 2450 654 2514 illis
670 2470 757 2533 quae
771 2449 894 2515 habere
910 2450 1074 2518 uidentur,

155 2597 299 2675 Φιλιγτοό
320 2599 457 2667 εἰσινοὶ
476 2599 588 2667 πάντα
605 2599 688 2687 πρὸς
706 2599 766 2682 τὴν
789 2600 913 2668 ἑαυτῶν
934 2598 1096 2687 ὠφέλειαν
1118 2605 1301 2674 ποιοῦντες·

98 2702 245 2783 undose,
267 2703 477 2794 καυχώμενοι
506 2704 597 2792 ἔχειν
626 2701 649 2768 ἃ
676 2702 723 2787 μὴ
753 2701 902 2792 ἔχουσιν·
939 2707 1143 2792 irreptionem,
1168 2705 1299 2790 μεγάλα

141 2869 155 2916 3
171 2856 277 2921 tempori
290 2857 314 2907 C
323 2855 398 2921 (coni
412 2857 417 2921 Ι
432 2866 457 2907 et
467 2873 506 2908 om
521 2858 543 2908 C
547 2857 579 2906 H
583 2873 599 2905 r
610 2853 615 2919 Ι
630 2856 693 2906 sicut
704 2856 816 2923 sequitur
826 2856 853 2906 iu
864 2856 975 2907 subiecto
986 2856 1068 2921 capite
1080 2854 1214 2921 (osthom.)
1224 2858 1277 2906 odd
1285 2875 1301 2906 r

98 2934 267 2989 timoribus
285 2938 344 3003 (sor
357 2938 383 2988 in
399 2939 474 2998 mor.)
490 2939 526 2989 H
633 2936 723 3000 7mali
743 2938 765 2986 C
777 2934 781 3002 Ι
796 2953 900 3003 egeram
920 2937 1006 2988 C*H
1016 2953 1168 3001 exaggerans
1187 2938 1209 2989 C
1225 2939 1299 3001 (corr)

99 3021 250 3070 osteudensr
323 3021 469 3071 Sadicitc
478 3037 494 3068 r
570 3035 601 3071 10
617 3017 994 3085 prodesectionelforprodii.)
1009 3019 1089 3069 CHr
1160 3032 1190 3080 14
1206 3019 1249 3084 qui
1260 3036 1299 3069 om

99 3100 141 3149 H·
227 3116 257 3165 17
275 3118 313 3167 sq.
326 3101 405 3152 Coisl.
418 3118 474 3166 204,
487 3102 506 3151 s.
519 3103 566 3152 τιὸ
577 3117 593 3150 a
603 3100 659 3163 [Cr.
670 3099 714 3149 vii.
728 3111 766 3164 γι,
781 3100 824 3149 Fr.
839 3098 895 3163 156]
913 3098 1036 3164 θεόδωρος.
1070 3100 1192 3161 φίλαυτοι,
1207 3104 1282 3150 ιι.π.λ.

127 3239 149 3281 4.
181 3222 224 3270 hoc
239 3238 351 3286 cognosce
366 3221 496 3286 quoniam]
524 3220 600 3270 Latin
616 3235 669 3269 ver·
756 3235 794 3282 13·
821 3220 891 3283 cloto]
919 3220 960 3270 Cf.
983 3231 1014 3271 11.
1032 3235 1059 3284 p.
1078 3234 1131 3283 113,
1152 3221 1170 3268 l.
1191 3236 1213 3277 ι,
1231 3228 1299 3271 note.

99 3296 166 3361 siout»,
179 3306 195 3330 ‘⁴
202 3302 251 3352 boc
262 3311 348 3352 autem
359 3303 422 3352 scito
433 3299 527 3367 quod.’'
721 3299 772 3349 For
783 3299 826 3350 the
837 3299 982 3349 distinction
993 3299 1107 3350 between
1120 3296 1233 3359 ἀλαζόνες
1249 3301 1299 3351 and

128 3380 150 3433 δ.
179 3383 330 3433 iunioribus
339 3383 425 3446 molis]
443 3384 491 3434 See
502 3399 542 3433 vv.
554 3383 580 3433 ll
608 3382 667 3432 For.
721 3379 869 3445 ὑπερήφανοι
885 3397 966 3447 comp.
985 3382 1062 3432 Thdt.
1082 3397 1116 3431 on
1133 3380 1209 3431 Rom.
1223 3382 1240 3431 i.
1254 3398 1300 3446 30²

99 3458 143 3525 leg.
153 3464 180 3511 ι’νι
190 3466 339 3530 temporibus
347 3465 429 3515 νιαάις.
452 3463 494 3515 Cl.
502 3463 670 3529 Chrys.odl.:
721 3462 934 3526 ὑπερηφάνους,
953 3464 1008 3515 roris
1022 3461 1059 3525 ἀφ’
1074 3463 1107 3514 οδς
1118 3465 1216 3525 ἔχουσιν
1227 3468 1299 3516 πλεο-

100 3545 207 3606 χιλιποό,
230 3548 367 3604 τουτέστιν,
390 3544 452 3595 πάνυ
476 3545 583 3609 πυνηροό.
627 3545 671 3595 He
721 3546 869 3607 κινήμασιν
889 3547 988 3609 μεγάλα
1011 3547 1165 3609 φρονοῦντας·
1194 3547 1299 3609 ἀλαζό-

101 3625 171 3676 adds:
192 3630 247 3690 οόχά
269 3631 312 3679 πάς
333 3629 422 3692 ἡμέρας
444 3629 584 3692 διαβάλλων
603 3629 672 3688 λέγει
722 3644 785 3685 νας,
803 3628 858 3677 roos
875 3625 987 3687 οὐδεμίαν
1003 3629 1047 3688 μὲν
1064 3629 1166 3690 ἔχοντας
1176 3629 1300 3693 πρόφασιν

101 3708 149 3757 ou
169 3711 223 3760 τούς
244 3712 346 3772 καιρούς,
372 3711 439 3760 ἀλλά
457 3712 512 3760 τούς
534 3711 672 3772 ἀνθρώπους
722 3711 757 3760 εἰς
770 3711 921 3770 φρονήματος
935 3709 1015 3771 δγκον,
1032 3707 1114 3770 μάπην
1130 3711 1156 3759 δὲ
1173 3713 1301 3772 φυσιουμέ-

101 3790 212 3841 morton
222 3792 293 3843 ὄντας
305 3791 347 3857 (cl.
359 3804 379 3841 ι.
391 3808 416 3857 p.
431 3807 455 3854 5,
469 3791 486 3842 l.
503 3806 530 3842 11
543 3790 603 3857 sq.).
722 3807 780 3840 νους.
815 3790 853 3839 As
866 3790 967 3853 regards
983 3791 1087 3853 ἀλαζών,
1108 3790 1150 3840 the
1167 3789 1264 3840 remark
1280 3792 1302 3840 is

132 3885 167 3921 ιο.
193 3874 461 3940 adprodificotionem]
492 3874 525 3923 Iu
535 3874 579 3923 the
590 3873 671 3923 Intro·
721 3870 975 3921 asoldasAristotle
986 3870 1059 3931 (Eth.
1067 3871 1167 3920 Niniv.
1177 3886 1219 3936 13:
1237 3873 1303 3922 δοκεῖ

101 3944 196 3998 dacrion
207 3949 236 4014 (ι.
250 3966 276 4015 p.
288 3948 476 4014 ιιιαιυὶ)ΙῙιαιε
486 3949 612 4015 proposed
623 3958 672 4014 pro
723 3954 753 4013 δὴ
775 3954 789 4003 ό
810 3955 907 4018 ἀλαζὼν
928 3957 1114 4017 προοποιητικάς
1132 3957 1181 4004 τῶν
1201 3953 1301 4017 ἐνδόξων

102 4028 262 4089 &mmmm
277 4032 323 4082 but
339 4032 382 4082 tbe
398 4031 537 4081 correction
553 4046 611 4081 now
626 4030 671 4080 ad·
723 4034 790 4090 εἶναι,
811 4035 852 4083 καὶ
867 4036 902 4095 μὴ
918 4029 1077 4097 ὑπαρχόντων
1096 4033 1136 4084 καὶ
1154 4033 1266 4095 μειζόνων
1285 4033 1303 4094 ἧ

103 4107 287 4162 mittedisboth
300 4111 403 4176 simplet
419 4112 468 4161 and
486 4127 555 4161 more
572 4112 599 4160 in
614 4110 671 4161 har·
722 4113 834 4179 ὑπάρχει.
877 4117 966 4181 Comp.
992 4114 1101 4175 Trench,
1126 4117 1187 4180 Syn.
1212 4115 1245 4179 of
1261 4117 1302 4166 the

69 4214 78 4225 ·
103 4196 296 4258 mouywiththe
312 4195 363 4247 Gk.
399 4196 450 4245 For
459 4195 616 4260 prodificotro
630 4210 672 4245 see
721 4198 758 4246 N.
772 4199 801 4248 T.
816 4209 835 4247 ι.
847 4213 873 4262 p.
888 4213 943 4249 ιιι.
977 4196 1101 4247 Lansranc
1112 4197 1158 4248 has
1168 4198 1301 4262 preserved

105 4283 122 4320 1.
132 4290 155 4338 p.
168 4280 222 4339 τότ,
236 4278 254 4326 l.
269 4293 306 4340 15,
321 4284 389 4327 note.
722 4277 765 4327 the
784 4277 917 4327 substance
939 4275 969 4327 oi
986 4275 1058 4326 Tb.'s
1080 4275 1253 4341 explanations
1275 4277 1305 4326 of

37 4384 38 4409 ς
63 4390 68 4401 ·
135 4369 168 4406 11.
196 4357 280 4422 cupidi
300 4355 478 4421 pecuniarum]
517 4357 670 4420 φιλάργυροι.
722 4357 842 4423 ἀλαζόνες,
856 4357 1014 4422 ὑπερήφανοι,
1023 4354 1174 4422 βλάσφημοι,
1184 4356 1301 4422 διάβολοι,

37 4466 40 4493 ,
105 4431 181 4499 vulg„
201 4437 310 4503 “cupidi
320 4433 348 4497 ;’'
364 4435 396 4486 ci.
418 4449 449 4487 11.
467 4453 493 4502 p.
517 4440 569 4497 180,
590 4437 608 4487 l.
631 4441 668 4499 ιδ,
721 4441 894 4502 τετυφωμένοι.

105 4526 163 4568 mie.
