3142 5100
297 382 358 446 302
775 379 967 432 areanum
993 382 1027 432 A.

295 547 311 608 ὁ
330 547 488 630 μονογενὴς
508 550 682 627 κατηξίωσεν
703 547 791 611 αὐτοῦ
812 577 880 628 pror
924 551 1099 613 memoriam
1115 548 1383 629 uisitationemque
1404 552 1501 614 lacere

294 646 403 723 σθῆναί
414 673 444 707 rt
459 649 504 707 καὶ
515 650 675 726 ἐπισκοπὴν
685 649 875 727 ποιήσασθαι
925 650 979 710 sed
1000 651 1083 727 quod
1104 651 1230 727 quidem
1252 650 1449 711 nondictum
1462 661 1504 710 est

294 741 364 801 ἀλλ’
385 742 430 802 ὅτι
453 742 488 804 ον’
511 745 702 823 replantetis
726 743 879 824 tropaeo„
925 749 965 808 de
988 748 1079 819 omni,
1102 747 1135 808 in
1157 747 1361 826 superioribus
1389 750 1504 808 demon

294 843 347 916 μὶν
369 842 484 919 εἴρηται,
509 847 539 902 ἓν
561 849 620 907 τοῖς
640 843 771 923 ἀνωτέρω
794 845 878 924 δέδει-
925 859 1049 908 stratum
1070 858 1134 921 est,
1162 847 1246 924 quod
1266 860 1369 907 autem
1390 866 1449 907 non
1468 847 1504 907 de

263 953 279 1011 5
296 957 370 997 κπιι·
390 938 435 998 ὅτι
448 939 478 998 tt
492 939 557 999 odii
570 942 635 1019 περὶ
650 941 710 1004 ἑνός
728 966 804 1004 τινος
821 946 877 1003 τῶν
925 964 987 1004 uno
1012 945 1157 1021 quolibet,
1182 958 1211 1005 et
1234 945 1294 1004 hoc
1318 958 1432 1005 certum
1454 956 1502 1004 est

295 1032 445 1112 τυχόντων,
460 1035 604 1096 καὶτοῦτο
619 1035 745 1112 εὔδηλον.
786 1037 833 1097 ἵνα
847 1038 877 1098 δὲ
924 1052 958 1100 ut
978 1053 1079 1101 autem
1102 1040 1206 1100 omnia
1230 1041 1503 1119 praetermittamus,

295 1133 405 1195 ἅπαντα
418 1139 557 1214 παρῶμεν,
573 1130 607 1194 τό
619 1132 731 1197 πάντων
744 1134 877 1197 detorti
925 1140 1007 1214 quod
1029 1139 1170 1199 omnibus
1192 1139 1363 1200 credibilius
1378 1153 1423 1201 est
1437 1160 1502 1218 apo-

295 1256 376 1307 τερον
406 1230 460 1307 τήν
491 1232 688 1309 demolierit
721 1233 877 1310 μαρτυρίαν
924 1236 1063 1296 stolicum
1086 1236 1293 1297 testimonium
1315 1237 1500 1315 excipiamus

296 1326 477 1407 ἐκδιξῶρεθα.
923 1328 1026 1389 scribit
1037 1327 1126 1405 igitur
1135 1331 1291 1407 apostolus
1300 1333 1339 1391 ad
1350 1332 1501 1392 Hebraeos

245 1446 281 1485 10
294 1444 415 1485 narrans
439 1427 479 1488 de
503 1426 631 1502 Christo,
656 1447 877 1506 personamque
898 1447 983 1488 suam
1010 1447 1073 1488 non
1100 1429 1319 1506 acceptabilem
1346 1430 1429 1507 apud
1455 1448 1501 1490 eos

294 1523 473 1583 confirmans
492 1524 534 1584 ita
555 1524 644 1586 dicit:
674 1527 838 1602 testificatas
856 1534 898 1585 est
918 1544 985 1584 uero
1004 1526 1114 1584 olt'cubi
1129 1527 1249 1601 quedam
1262 1527 1355 1586 doeens
1370 1527 1456 1603 ‘quid
1466 1536 1503 1586 cst

293 1622 376 1679 homo
393 1623 470 1696 quod
485 1641 632 1682 memores
644 1624 726 1682 otios?
746 1624 893 1700 outfilius
905 1624 1030 1683 hominis
1042 1624 1122 1700 quod
1132 1625 1237 1682 undas
1248 1629 1336 1683 euml
1357 1626 1504 1684 minorasti

293 1737 357 1776 eum
371 1719 464 1795 poulo
483 1721 580 1778 minos
599 1721 637 1779 ob
656 1721 771 1796 angelis,
793 1722 890 1795 gloriis
905 1720 1052 1779 ethonore
1067 1722 1208 1779 coronasti
1224 1739 1289 1778 eum
1302 1724 1505 1780 romanon·

293 1833 356 1872 eum
370 1825 461 1891 supra
475 1824 561 1890 opero
575 1835 716 1874 manuum
730 1824 870 1887 tuarum,·
889 1818 988 1876 omnio
1001 1817 1144 1875 submoniti
1155 1818 1208 1875 sub
1215 1818 1337 1893 pedibus
1348 1817 1436 1877 eius'.
1474 1831 1500 1878 et

245 1928 279 1987 ¹5
294 1927 363 1967 cum
385 1909 589 1970 testimonium
610 1906 732 1971 dixisset
753 1910 950 1988 interpretans
971 1911 1070 1988 ipsum
1090 1910 1208 1972 intulit:
1235 1914 1393 1972 subiciendo
1412 1921 1498 1973 auom

293 2009 400 2079 ommia,
418 2009 497 2067 noltil
506 2010 619 2069 dimt'sit
631 2029 688 2069 non
708 2011 869 2070 subiectum.
912 2012 994 2069 modo
1008 2018 1104 2069 autem
1122 2012 1249 2070 nondum
1269 2013 1395 2072 uelimus
1411 2013 1499 2071 omnm

293 2106 322 2163 ei
337 2105 465 2164 subtecto.
508 2117 539 2165 et
559 2104 625 2182 quis
647 2107 740 2165 homo
762 2117 806 2166 est
820 2106 933 2165 docens
948 2125 1013 2179 nos,
1028 2106 1170 2183 quoniam
1185 2106 1310 2167 dubium
1325 2120 1387 2168 erat
1398 2128 1417 2167 a
1430 2128 1499 2168 uoce

294 2200 391 2276 posita
411 2201 491 2279 apud
513 2204 634 2262 beatum
657 2203 767 2274 Dauid,
786 2202 903 2263 intulit:
917 2206 1009 2280 poulo
1026 2212 1122 2263 autem
1136 2205 1233 2263 moinus
1247 2207 1285 2264 ab
1296 2207 1402 2282 angelis
1415 2207 1497 2265 mino
1548 2244 1549 2292 ρ

294 2304 391 2355 ratum
406 2300 533 2357 uidemus
547 2303 652 2374 Iesum,
661 2307 782 2376 propter
788 2301 951 2376 passionem
967 2302 1068 2358 mortis
1074 2301 1169 2375 glorie
1179 2307 1208 2358 et
1219 2302 1325 2360 honore
1332 2308 1495 2361 cornum.

243 2414 280 2452 20
294 2393 319 2452 si
339 2393 427 2471 igitur
447 2415 484 2455 ex
504 2396 663 2473 euangeliis
685 2397 809 2474 quidem
829 2394 981 2456 erudimur
1000 2397 1039 2455 ad
1062 2395 1228 2457 Dominum
1253 2397 1361 2458 dixisse
1382 2399 1496 2458 beatum

295 2489 395 2552 Dauid
417 2490 520 2552 omnia
540 2511 618 2569 qnae
632 2504 701 2553 sunt
715 2492 832 2571 psalmi,
847 2504 877 2554 et
892 2505 999 2566 cetera,
1015 2504 1045 2554 et
1060 2494 1143 2570 quod
1158 2512 1266 2553 mentor
1276 2514 1304 2553 es
1317 2504 1346 2555 et
1360 2495 1458 2554 untias
1469 2504 1496 2553 et

293 2591 453 2649 minorasti
470 2602 500 2651 et
522 2592 667 2663 subiecisti,
689 2610 727 2650 ex
749 2593 890 2667 apostolo
914 2610 986 2652 uero
1010 2593 1112 2650 Iesum
1135 2611 1202 2651 esse
1223 2591 1363 2651 discimus
1381 2591 1421 2651 de
1439 2609 1496 2667 quo

293 2687 420 2763 loquens
442 2687 545 2747 Dauid
566 2687 639 2748 dicit
659 2699 689 2748 et
706 2689 789 2765 quod
803 2687 867 2748 eius
881 2707 997 2748 memor
1011 2699 1056 2749 est
1070 2699 1101 2749 et
1115 2686 1199 2765 quo'd
1214 2708 1284 2749 eum
1297 2686 1431 2759 uisitauit,
1445 2689 1494 2747 sod
1547 2719 1548 2726 ν

293 2782 383 2844 etiam
404 2785 487 2861 quod
508 2784 610 2846 omnia
631 2784 757 2845 subiecit
778 2784 807 2846 ei
827 2804 897 2845 cum
917 2786 1008 2862 paulo
1029 2784 1127 2845 minus
1148 2787 1187 2846 ab
1205 2786 1319 2864 angelis
1331 2786 1494 2846 minorasse
1547 2822 1548 2838 r

243 2897 279 2957 ²5
293 2900 371 2955 eum,
391 2892 506 2942 cessate
527 2883 576 2942 uel
598 2881 649 2941 uix
668 2880 830 2958 aliquando
844 2901 864 2941 a
877 2892 976 2941 uestra
992 2880 1180 2958 impudentia
1194 2893 1404 2961 cognoscentes
1418 2881 1494 2959 quod

293 2991 421 3057 oportet.
463 2980 571 3040 uidetis
586 2980 674 3054 enim,
693 3000 713 3040 o
728 2979 864 3040 omnium
878 2979 1036 3040 hominum
1050 2980 1278 3054 sceleratissimi,
1293 2993 1400 3058 quanta
1418 2990 1493 3039 natu

293 3096 391 3137 rarum
410 3088 455 3137 est
473 3077 649 3148 differentia,
664 3077 749 3154 quod
768 3074 818 3135 hic
839 3075 963 3153 quidem
983 3079 1166 3154 stupefactus
1188 3089 1234 3139 est
1251 3077 1322 3156 quia
1342 3088 1370 3138 et
1387 3094 1493 3135 memor

292 3191 358 3235 esse
379 3173 509 3236 hominis
530 3175 668 3252 dignatur
689 3187 719 3237 et
739 3174 860 3236 uisitare
874 3193 953 3248 eum,
968 3187 1193 3253 ceterorumque
1207 3175 1379 3254 participem
1393 3175 1491 3240 faeere·

294 3289 419 3346 quorum
440 3291 509 3332 eum
531 3271 705 3349 participem
726 3271 815 3343 fecit;
836 3272 885 3332 ille
899 3290 972 3333 uero
986 3291 1004 3333 e
1018 3270 1165 3333 contrario
1180 3271 1303 3331 miratur
1316 3271 1392 3348 quod
1404 3280 1491 3329 tanto

219 3432 221 3434 ,
241 3389 281 3446 30
293 3385 360 3426 rum
374 3366 521 3445 particeps
536 3386 601 3428 esse
615 3387 705 3444 supra
719 3386 804 3428 suam
819 3379 955 3428 naturam
969 3366 1085 3428 meruit
1115 3366 1204 3428 ethic
1214 3365 1338 3442 quidem
1349 3378 1490 3440 tamquam
1546 3393 1547 3438 3

294 3463 472 3523 beneficium
494 3464 569 3524 dans
590 3463 761 3524 mirificatur
780 3474 812 3525 et
832 3483 941 3540 magna
959 3473 1113 3541 praestans
1134 3475 1164 3523 et
1184 3483 1276 3540 supra
1295 3474 1419 3522 naturam
1432 3456 1490 3518 eius

293 3561 345 3636 qui
366 3559 558 3638 consequitur
571 3560 770 3636 beneficium3
792 3560 841 3621 ille
855 3580 928 3621 uero
941 3570 1096 3638 tamquam
1110 3560 1292 3621 beneficium
1306 3573 1486 3635 consequens,

293 3670 324 3720 et
337 3657 450 3719 maiora
463 3677 553 3735 quam
567 3669 613 3718 est
626 3660 666 3719 ab
680 3678 717 3718 eo
731 3656 903 3735 suscipiens

821 3788 911 3846 Boot<
932 3804 975 3845 xr.

375 3880 454 3965 [Act.
472 3885 565 3946 Conc
583 3884 642 3945 CP.
659 3881 686 3942 ii
703 3900 744 3951 vr.
762 3883 794 3962 (“
803 3881 835 3942 in
850 3881 1012 3943 undecimo
1026 3883 1103 3943 libro
1117 3884 1157 3946 de
1172 3881 1414 3956 Incamationel).

716 3989 842 4061 Sachau,
857 4007 906 4064 pp.
926 3974 1017 4086 Ᾱρ,
1033 3987 1094 4071 49].

353 4114 405 4175 Ad
419 4114 493 4174 haec
511 4111 613 4189 itaque
629 4109 779 4172 sufficiunt
795 4110 918 4188 quidem
934 4123 963 4171 et
977 4131 1055 4188 quae
1069 4110 1208 4185 diximus,
1224 4111 1277 4171 ubi
1290 4123 1319 4172 et
1333 4121 1483 4171 naturarum

241 4225 278 4285 35
294 4209 490 4272 differentiam
508 4208 693 4270 ostendimus
707 4219 737 4268 et
750 4227 896 4285 personae
915 4207 1069 4281 unitatem,
1090 4221 1120 4269 et
1138 4209 1221 4285 quod
1240 4209 1395 4269 secundum
1410 4216 1484 4288 natu·

293 4326 340 4367 ras
354 4306 420 4368 -iste
441 4307 565 4382 quidem
592 4305 770 4366 beneficium
795 4303 913 4382 accipit,
938 4305 989 4365 ille
1013 4318 1113 4365 autem
1136 4305 1315 4367 beneficium
1336 4306 1391 4375 dat,
1411 4311 1484 4359 certa

293 4401 455 4463 constituta
469 4401 582 4462 unitate
596 4420 632 4461 ex
646 4419 706 4476 qua
720 4399 849 4460 indiuise
863 4400 901 4460 ab
915 4398 1054 4461 uniuersa
1067 4411 1201 4461 creatura
1214 4401 1311 4460 honor
1323 4398 1454 4475 impletur.

781 4513 795 4538 ³
815 4514 884 4563 Heb.
898 4514 923 4563 ii.
937 4514 1009 4577 6-9.
