3142 5100
256 366 297 435 54
588 369 816 422 rnnononus
840 369 1133 422 mopsuestenus
1358 355 1422 441 [11.
1439 371 1475 438 7.

255 542 336 607 dicit
355 549 469 607 autern
489 540 577 625 quod
593 563 677 606 ιιιιικ
695 543 817 608 detinet
836 564 877 608 eo
897 543 989 627 quod
1011 544 1164 610 diabolus
1183 544 1319 628 quidem
1337 544 1472 608 dudum

255 645 397 710 uoluerit
412 646 475 711 hoc
491 647 580 711 idem
596 647 712 723 facere,
729 648 824 711 Deus
839 667 920 711 uero
935 648 1069 711 interim
1084 649 1207 712 retinet
1222 667 1309 725 eum,
1323 668 1363 711 eo
1375 646 1472 730 quod

255 759 390 833 tempus
411 752 528 815 statuit
552 750 851 815 consummationis
873 751 997 816 saeculi
1023 753 1127 831 istius,
1152 752 1337 816 secundum
1364 773 1470 836 quam

255 853 360 916 uideri
375 855 529 918 concedit
544 875 629 920 eum.
667 853 732 919 hoc
749 854 926 938 apostolus
940 855 1128 920 nominauit
1142 855 1232 940 quod
1242 877 1329 919 nunc
1340 856 1472 935 detinet,

224 957 321 1035 5Dei
351 955 466 1022 dicens
494 956 723 1023 definitionem
753 957 904 1023 detinere
934 980 1019 1025 eum.
1063 962 1154 1025 unde
1183 970 1218 1026 et
1244 961 1368 1026 adicit:
1402 960 1470 1047 [ut]

255 1059 414 1123 metetur
427 1059 516 1123 idem
533 1059 569 1123 in
583 1080 641 1123 suo
656 1058 824 1142 tempora*
840 1061 934 1145 quasi
951 1062 1009 1145 qui
1025 1062 1244 1145 prohibeatur
1258 1083 1346 1127 nunc
1362 1063 1472 1127 uideri
1542 1108 1547 1115 ·

255 1185 360 1248 usque
389 1174 476 1244 tunc,
503 1186 544 1230 eo
573 1166 664 1249 quod
690 1166 807 1229 diuina
832 1165 1027 1231 definitione
1052 1168 1096 1232 ad
1122 1188 1280 1250 praesens
1305 1177 1472 1234 teneatur.

255 1269 422 1334 uidebitur
451 1291 531 1334 uero
557 1279 638 1334 tunc
668 1270 702 1333 in
732 1268 856 1334 saeculi
887 1269 961 1348 fine,
992 1270 1129 1354 quando
1159 1279 1194 1334 et
1227 1271 1389 1334 concedet
1419 1270 1472 1335 illi

256 1370 423 1435 Dominus
437 1392 532 1436 suam
548 1374 725 1438 ostendere
740 1373 926 1452 malitiam;
949 1372 1193 1458 propterquod
1209 1373 1296 1437 bene
1311 1373 1438 1439 adicit:

147 1614 150 1621 ,
204 1562 245 1609 10
322 1542 510 1623 mysterium
524 1544 611 1608 enim
627 1544 695 1609 iam
712 1545 900 1631 inoperatur
913 1545 1109 1630 iniquitatr's.
1143 1572 1146 1577 ·

320 1677 410 1762 †hoc
426 1689 496 1747 est:
520 1684 601 1747 ‘etsi
617 1704 685 1748 non
701 1691 817 1767 aperte
832 1684 1037 1768 apostasiam
1057 1691 1214 1767 operatur
1228 1680 1391 1755 diabolus,
1408 1683 1470 1747 sed

202 1788 206 1799 '
256 1788 350 1873 quasi
366 1788 401 1850 in
416 1788 576 1870 mysterio
586 1808 680 1852 nunc
702 1789 840 1872 peragit,
862 1808 922 1870 per
940 1786 1073 1871 singula
1091 1796 1263 1850 momenta
1278 1807 1338 1868 per
1352 1806 1434 1849 suos
1449 1808 1470 1851 a

256 1895 381 1978 pietate
396 1903 566 1977 temptans
582 1892 739 1957 diuellere
754 1914 812 1958 eos
828 1892 885 1976 qui
905 1892 949 1955 ad
969 1890 1072 1956 fidem
1092 1888 1300 1954 accedunt*
1345 1899 1381 1955 et
1403 1890 1470 1955 hoc

256 1999 367 2082 ipsum
383 2000 502 2063 iterum
519 2016 688 2061 resumens
704 2017 712 2061 ι

204 2252 239 2319 15
256 2236 293 2302 τὸ
324 2238 461 2321 κατέχου,
493 2229 536 2303 ὥς
564 2230 605 2296 ἂν
633 2233 693 2297 τοῦ
721 2229 882 2309 διαβόλου
909 2228 970 2315 μὲν
999 2227 1169 2300 ἐθέλοντος
1198 2226 1255 2293 καὶ
1281 2224 1343 2308 ἤδη
1370 2228 1470 2292 τοῦτο

255 2338 404 2420 ποιῆσαι,
421 2337 481 2400 τοῦ
499 2334 575 2401 θεοῦ
590 2331 625 2399 δὲ
642 2329 840 2421 κατέχοντος
860 2329 960 2399 αὐτὸν
981 2330 1061 2402 τὲωε
1084 2328 1138 2397 διὰ
1158 2328 1197 2395 τὸ
1219 2328 1334 2417 καιρὸν
1356 2324 1470 2411 ὁρίσαι

256 2440 297 2525 τῇ
327 2436 501 2526 συντελείᾳ
529 2439 589 2503 τοῦ
618 2434 740 2513 αἰῶνος,
771 2431 844 2500 καθ’
875 2431 914 2500 ὃν
944 2432 1086 2520 ὀφθῆναι
1116 2434 1284 2520 συγχωρεῖ
1309 2428 1469 2498 κάκεῖνον.

256 2549 353 2612 τοῦτο
370 2543 433 2630 [τό]
447 2545 575 2630 κατέχον
593 2538 609 2606 ὅ
624 2539 813 2612 ἀπόστολος
829 2538 985 2623 ὀνομάζει,
998 2542 1058 2606 τοῦ
1072 2539 1146 2605 θεοῦ
1163 2536 1296 2625 [λέγων]
1312 2535 1370 2602 τὸν
1380 2532 1469 2623 ὅρον,

256 2645 332 2714 ὅθεν
347 2645 402 2713 καὶ
422 2643 594 2730 ἐπήγαγεν·
616 2643 658 2710 eie
677 2645 714 2710 τὸ
734 2643 991 2721 α’ποκολγφθιῐυιι
1012 2644 1105 2719 airdu
1128 2647 1174 2728 τῷ
1195 2644 1305 2719 iano?
1324 2641 1425 2729 καιρῷ.

201 2770 244 2818 20
323 2748 397 2815 ἀντὶ
418 2752 486 2816 τοῦ·
517 2746 565 2812 ‘ei
585 2744 641 2812 rai
664 2744 709 2829 μὴ
743 2743 827 2811 κατὰ
859 2744 897 2812 τὸ
931 2744 1038 2830 σαφὲς
1067 2743 1130 2827 ἤδη
1165 2742 1225 2826 τὴν
1255 2741 1471 2810 ἀποστασίαν

257 2850 427 2941 ἐργάζεται
450 2849 467 2914 ὁ
493 2848 658 2932 διάβολος,
679 2845 757 2914 ἀλλ’
780 2845 838 2915 οὖν
858 2874 897 2933 γε
917 2846 961 2919 ὦς
984 2850 1019 2915 ἐν
1043 2845 1215 2935 μυστηρίῳ
1238 2852 1386 2914 πλεῖστα
1411 2845 1471 2912 καὶ

256 2961 314 3026 νῦν
329 2954 579 3043 διαπράττεται,
597 2952 756 3020 ἑκάστοτε
770 2952 825 3019 διὰ
839 2955 904 3020 τῶν
919 2952 1044 3020 οἰκείων
1058 2955 1116 3034 τῆς
1132 2951 1301 3033 εὐσεβείας
1319 2949 1470 3041 ἇφιστᾷν

256 3057 448 3147 πειρώμενος
464 3043 539 3130 τοὺς
552 3052 749 3146 προσιόντας
764 3054 806 3141 τῇ
821 3055 955 3122 πίστει]

307 3249 432 3300 idudum
449 3245 551 3313 quidem
567 3262 584 3295 r
707 3260 797 3296 reum
813 3261 880 3296 σοιν
1002 3243 1155 3306 4concedet
1169 3242 1301 3307 Cicorrlr
1410 3249 1470 3306 5et

256 3329 508 3396 omrlutomCH
568 3323 1023 3391 didest(soridem)C⁰linomr
1093 3324 1315 3376 BeonceditC'r
1382 3322 1467 3386 ι8τὸ,

257 3418 337 3479 λέγων
350 3431 399 3465 om.
414 3413 469 3464 cod,
482 3411 542 3462 edd.
616 3427 649 3462 ιο
665 3410 742 3461 Coisl.
757 3411 774 3461 l.
790 3427 809 3460 c.
823 3408 852 3459 τό
863 3412 913 3474 γὰρ
923 3408 1055 3473 μυστήριον
1066 3408 1113 3469 ἤδη
1124 3409 1258 3472 ἐνεργεῖται
1269 3409 1325 3458 ἀντὶ
1335 3403 1380 3458 τοῦ
1390 3411 1467 3459 anit.

291 3596 314 3632 a.
350 3583 419 3630 Deus
433 3577 609 3638 uerointm'm,
622 3576 679 3639 dra]
711 3576 837 3626 Lanfranc
887 3574 1014 3624 τουτέστιν
1037 3575 1066 3623 οὐ
1087 3574 1204 3637 φανερῶς,
1230 3571 1261 3623 ὧι
1282 3572 1384 3632 ἐκεῖνος,
1412 3572 1470 3621 οὐδὲ

258 3665 320 3715 cites
331 3663 381 3716 this
393 3663 419 3711 in
430 3662 472 3711 the
484 3661 558 3710 form:
577 3659 674 3709 “Deus
685 3655 784 3708 interim
794 3657 837 3707 de·
888 3655 1125 3720 ἀτηρυθριασμένως.
1159 3653 1238 3703 Thdt.
1257 3669 1311 3704 sees
1331 3653 1373 3703 the
1390 3653 1469 3703 lame·

258 3745 321 3795 tinet
332 3741 415 3793 eum.”
888 3753 945 3787 ness
964 3737 994 3786 of
1015 3737 1065 3787 this
1083 3735 1244 3800 explanation
1268 3733 1298 3784 oi
1312 3751 1395 3793 puer..
1416 3736 1469 3784 and

293 3842 330 3877 11.
367 3840 417 3875 non
437 3820 673 3888 aperte...diuellere]
689 3820 764 3870 Cited
778 3818 805 3868 in
822 3836 838 3868 a
888 3819 981 3885 prefers
996 3818 1068 3870 Tb.'s
1082 3819 1147 3869 view
1164 3819 1190 3868 in
1207 3834 1224 3867 a
1239 3816 1361 3867 modified
1376 3818 1468 3882 shape:

258 3907 392 3960 shortened
409 3906 473 3955 form
486 3904 521 3969 by
532 3901 664 3953 Laniranc.
765 3943 769 3947 .
887 3903 938 3964 tyci
951 3902 978 3950 rt
996 3902 1062 3961 οἶμαι
1081 3903 1125 3951 τὰς
1142 3898 1290 3962 θυαφυείσοι
1309 3900 1412 3960 αἱρέσεις
1428 3902 1470 3960 δη·

290 3990 332 4040 sed
350 3988 426 4054 quasi
442 3987 471 4036 in
494 3983 617 4047 mysterio]
642 3982 692 4033 Le
719 3982 762 4031 the
777 3997 839 4041 μυσ·
889 3985 947 4033 λοῦν
962 3985 1004 4032 τὸν
1018 3980 1165 4033 ἀπόστολον.
1202 3981 1318 4045 Pelagius
1335 3981 1405 4031 ison
1426 3983 1470 4032 the

257 4073 339 4136 τήρισν
356 4072 399 4131 τῆς
421 4069 519 4128 ἀνομίαι
538 4067 560 4116 is
578 4067 621 4116 the
640 4073 740 4131 present
759 4071 838 4114 secret
889 4079 958 4114 same
980 4063 1064 4112 nack:
1095 4061 1266 4126 “mysterium
1284 4061 1336 4112 iam
1353 4068 1472 4125 σρεταίνν

258 4153 372 4216 working
387 4150 416 4200 oi
430 4150 509 4200 Satan
526 4164 554 4197 as
567 4144 709 4197 contrasted
720 4143 782 4194 with
798 4143 838 4192 his
889 4145 951 4209 iniq.
964 4143 989 4193 in
1000 4143 1041 4193 his
1054 4143 1098 4208 qui
1116 4143 1184 4193 falsis
1200 4142 1321 4192 doctrinis
1332 4141 1386 4192 eius
1397 4158 1470 4207 prae·

257 4235 338 4285 future
345 4231 481 4283 revelation
492 4231 519 4279 in
530 4230 573 4278 the
584 4227 733 4277 Antichrist.
743 4226 834 4288 Chrys.
888 4227 957 4276 uium
968 4225 1061 4275 iaciunt
1073 4222 1146 4275 iter.’'
1179 4224 1220 4275 Cf.
1237 4225 1303 4289 Aug.
1321 4224 1363 4273 Lc.
1369 4239 1381 4282 ‚·
1400 4225 1469 4273 “alii

256 4316 335 4365 limits
354 4314 397 4363 the
411 4309 565 4377 application
583 4315 610 4359 to
627 4307 712 4357 Neroz
735 4305 837 4370 Νέρωνα
890 4324 971 4358 ..non
983 4316 1071 4374 putant
1083 4308 1178 4357 dictum
1189 4307 1237 4356 nisi
1244 4307 1277 4356 de
1283 4307 1356 4356 malis
1367 4314 1392 4356 et
1405 4306 1470 4356 fictis

257 4396 361 4445 ἐνταῦθα
382 4399 458 4456 φησιν
486 4391 575 4441 ὡσανεὶ
602 4392 679 4438 τύπον
706 4388 766 4438 ὄντα
793 4389 837 4437 τοῦ
886 4391 1004 4456 quisunt
1021 4390 1047 4439 in
1064 4387 1194 4440 eeclesia.”
1228 4389 1337 4453 Peragit,
1349 4388 1468 4439 intrans:

257 4477 433 4540 ἀντιχρίστου..
447 4475 487 4523 καί
498 4474 577 4523 καλῶς
590 4472 657 4521 εἶπεν
670 4473 676 4497 ⁶
682 4467 836 4534 μυστήριον,’
889 4469 1005 4521 “carries
1016 4486 1050 4520 on
1060 4469 1100 4520 his
1111 4467 1209 4520 work.''
