3142 5100
112 418 153 482 11.
168 434 196 500 7,
212 419 254 505 8.]
377 434 419 484 ιιι
443 434 495 487 aa.
519 437 570 486 no
593 438 969 494 rnussnuourcausus
992 442 1029 494 11.
1273 444 1310 512 55

167 612 294 668 tantum
308 603 368 687 qui
380 615 464 670 tenet
477 627 570 688 uunc,
591 610 767 692 usquedum
783 610 822 675 de
837 611 940 676 medio
950 612 1039 697 βοὴ·
1067 623 1099 678 et
1117 614 1314 681 reuelubitur

107 704 310 791 iluiniquus.

164 840 228 905 hoc
253 852 324 907 est:
347 846 458 909 ‘atubi
480 844 631 911 definitio
654 849 718 913 Dei
743 871 833 934 quae
855 851 926 915 eius
949 852 1103 935 prohibet
1128 853 1310 919 aduentum

104 948 249 1025 cessabit,
265 956 346 1013 tunc
361 950 537 1032 adparebit
553 948 626 1016 ille?
671 950 945 1031 †intendendum
969 978 1048 1020 uero
1071 966 1122 1022 est
1144 957 1191 1021 illi
1215 959 1310 1041 parti,

104 1051 257 1133 quoniam
274 1050 551 1117 ‘reuelationem'
570 1052 769 1119 Antichristi
792 1056 1097 1122 manifestationem
1113 1060 1255 1135 uocauit,
1276 1069 1310 1123 et
1346 1074 1362 1142 5

104 1150 135 1212 in
154 1152 307 1234 superius
330 1153 465 1219 dicens:
493 1174 568 1219 cum
591 1154 754 1220 remlatus
767 1157 880 1239 suerit
893 1157 994 1237 Ιιονιο,
1016 1168 1050 1224 et
1073 1159 1193 1225 hocin
1217 1161 1309 1226 loco:

103 1255 298 1320 ruulabitur
327 1257 461 1341 iniquus
469 1282 484 1334 ,·
526 1279 568 1322 eo
604 1260 695 1343 quod
732 1260 889 1325 diabolus
925 1282 1058 1346 semper
1092 1264 1228 1347 quidem
1265 1264 1309 1329 ab

102 1364 245 1428 aduentu
263 1363 403 1427 Domini
419 1363 601 1429 meditatur
615 1363 698 1427 illud
714 1363 823 1429 facere
841 1365 886 1429 ad
898 1367 1113 1430 nociuitatem
1125 1366 1309 1443 hominum,

102 1476 133 1530 et
158 1468 275 1549 utique
299 1465 383 1530 illud
409 1465 550 1543 fecisset,
576 1467 605 1531 si
630 1489 696 1532 non
724 1468 907 1534 secundum
934 1471 1186 1536 inenarrabilem
1214 1493 1308 1536 suam

102 1569 345 1652 prouidentiam
367 1570 586 1634 continuisset
609 1591 685 1634 eum
709 1573 811 1637 Deus.
856 1576 1047 1657 operabitur
1070 1598 1149 1640 uero
1172 1588 1253 1643 tunc
1275 1589 1309 1643 et
1326 1592 1365 1641 10

101 1672 258 1753 perducet
282 1670 367 1737 illud
393 1673 426 1735 in
453 1681 579 1755 aperte,
599 1674 689 1756 quod
716 1674 844 1739 dudum
868 1678 930 1740 sibi
954 1678 1137 1757 uidebatur,
1161 1700 1237 1743 cum
1261 1680 1309 1744 illi

101 1772 193 1840 luerit
219 1795 418 1840 concessum
448 1796 543 1839 suam
575 1776 785 1842 uoluntatem
817 1780 850 1844 in
880 1802 982 1864 opere
1019 1784 1231 1866 producere*
1275 1796 1310 1852 et

100 1876 279 1942 ostendens
293 1879 453 1962 quoniam
469 1898 532 1942 nec
545 1877 602 1942 ille
616 1880 689 1944 sine
703 1900 814 1964 poena
829 1883 901 1959 erit,
915 1883 1035 1948 adicit:

98 2102 102 2111 ,
158 2054 254 2115 quem
280 2031 431 2097 dominus
460 2034 552 2098 Iesus
584 2035 752 2120 interficiet
776 2035 896 2118 spiritu
919 2037 988 2103 oris
1018 2038 1089 2106 eius
1111 2050 1143 2104 ct
1169 2038 1311 2105 destruat

102 2132 351 2219 ruapparittiuu
364 2135 528 2200 aduentus
543 2136 605 2201 sui.
1326 2146 1360 2212 15

158 2350 363 2438 προσεκτέον
386 2348 437 2416 ὅτι
461 2349 716 2438 ’ἀποκάλυψιν
741 2356 801 2418 τοῦ
823 2352 1038 2441 ἀντιχρίστου
1064 2352 1222 2420 ἐκάλεσεν
1249 2350 1309 2429 τὴν

99 2454 294 2544 φανέρωσιυ,
318 2455 352 2521 ἔν
375 2480 411 2521 τε
432 2460 499 2525 τοῖς
525 2453 698 2541 α’νωτέροις
723 2456 932 2545 ἇποκαλγφθηῑ
959 2459 977 2522 ὁ
1003 2456 1172 2544 α’κθρωποο
1195 2453 1307 2535 εἰπών,

98 2558 277 2640 κάνταῦθα,
297 2561 585 2638 αἠοκαλγφθιὶεεται
608 2562 625 2625 ὁ
644 2562 774 2626 ἄκουσα·
799 2559 842 2631 uir
861 2560 903 2627 ἂν
917 2563 976 2627 τοῦ
991 2559 1153 2641 διαβόλου
1167 2559 1308 2626 πάντοτε

97 2662 154 2744 μὲν
173 2662 243 2728 ἀπὸ
270 2666 327 2746 τῆς
352 2665 411 2728 τοῦ
432 2661 545 2746 κυρίου
567 2662 750 2749 παρουσίας
771 2666 973 2747 μελετῶντος
995 2663 1074 2729 οὔτὸ
1098 2662 1154 2729 ἐπὶ
1177 2665 1218 2748 τῇ
1243 2666 1308 2728 τῶν

97 2764 282 2852 ἀνθρώπων
296 2765 423 2851 βλάβῃ,
440 2765 495 2830 καὶ
509 2764 570 2846 ἤδη
584 2791 622 2849 ηε
642 2763 721 2831 αὐτὸ
743 2765 799 2832 καὶ
819 2765 1019 2847 ποιήσαντος
1037 2765 1086 2846 ἄν,
1104 2764 1135 2833 εἰ
1156 2763 1202 2848 μὴ
1224 2763 1309 2831 κατὰ
1321 2779 1364 2826 20

97 2868 154 2950 την
168 2868 360 2956 ἀπόρρητον
374 2867 475 2935 αὐτοῦ
495 2870 626 2949 βουλὴν
646 2874 798 2958 κατεῖχεν
820 2870 918 2935 αυτὸν
941 2869 958 2935 ὃ
981 2869 1061 2939 θεός·
1086 2867 1308 2958 ἐργασομένου

98 2970 130 3039 δὲ
152 2973 228 3041 τότε
253 2973 310 3039 καὶ
333 2972 476 3041 οἴσοντός
498 2998 536 3054 γε
557 2972 603 3043 εἰς
624 2972 764 3061 φανερὸν
782 2972 819 3039 τὸ
839 2972 950 3040 πάλαι
974 2972 1088 3041 δοκοῦν
1110 2972 1204 3060 αὐτῷ,
1228 2970 1308 3039 ὅταν

97 3079 296 3168 συγχωρηθῇ
312 3077 370 3162 τὴν
384 3077 504 3144 οἰκείαν
518 3076 648 3162 γνώμην
664 3077 818 3156 ἐκβαλεῖν
832 3077 878 3148 εἰς
893 3077 997 3166 ἔργον.

145 3264 156 3299 1
173 3267 256 3317 usqne
270 3266 338 3301 nunc
351 3249 458 3300 dimidio
477 3248 548 3299 c·H
582 3257 666 3299 teneat
683 3225 761 3313 usque
778 3248 811 3298 de
828 3247 912 3298 medio
930 3249 954 3299 C
969 3249 1044 3308 (ινιτ)
1060 3263 1139 3313 usque
1157 3253 1217 3297 tunc
1234 3246 1308 3296 dimi·

97 3330 191 3382 ‹liumr
301 3332 381 3397 ηοω
391 3332 459 3382 enim
474 3331 551 3381 adubi
565 3330 636 3381 C'H
657 3330 719 3382 h.e,
733 3330 823 3380 aitubi
837 3328 942 3395 Cum)
977 3329 1027 3379 hoc
1038 3337 1075 3379 est
1086 3329 1153 3379 ubil
1164 3327 1168 3393 Ι
1182 3328 1231 3378 hoc
1245 3329 1308 3379 ..ille
1329 3337 1332 3342 ’

97 3433 133 3466 ont
144 3434 161 3466 r
259 3431 274 3480 5
291 3430 343 3481 quo
356 3412 413 3480 (sor
421 3414 551 3480 quoniam)
566 3413 601 3464 C*
699 3412 715 3463 6
732 3412 759 3461 in
770 3411 897 3476 (bey'sup.)
908 3428 947 3460 om
961 3411 1068 3474 Clcorr)
1080 3428 1096 3460 r
1108 3409 1113 3476 Ι
1128 3410 1154 3460 in
1164 3411 1213 3461 hoc
1224 3410 1281 3461 loco
1292 3428 1308 3460 r

100 3497 203 3546 rodens
215 3512 274 3546 eum
286 3511 302 3543 r
417 3509 445 3558 13
461 3494 560 3544 additr
675 3506 706 3556 14
723 3492 843 3543 Iesusom
856 3494 887 3557 κΙ
902 3491 952 3542 oris
963 3492 1001 3541 sui
1016 3492 1064 3542 Cr
1179 3507 1208 3557 ¹5
1225 3491 1252 3542 in
1263 3508 1306 3557 ap

97 3578 285 3641 pantionemc
316 3576 481 3626 illustratione
499 3592 516 3625 r
631 3573 661 3625 16
678 3573 755 3625 Cotsl.
776 3576 794 3624 l.
815 3591 834 3624 c.
854 3574 999 3636 προσεκτέον
1017 3573 1064 3634 ὅτι,
1084 3574 1157 3622 κ.τ.λ.
1275 3590 1304 3624 11

97 3660 261 3722 ἑργοσααένου
274 3658 316 3708 Cr.

130 3825 151 3859 1.
184 3816 286 3860 tantum
297 3806 416 3873 qui,&c.]
433 3807 466 3858 O.
479 3807 508 3857 L.
521 3807 572 3857 and
580 3807 673 3872 Vulg.:
724 3809 859 3869 παρουσίαν
876 3808 889 3856 ὁ
905 3804 945 3856 ἀπ.
961 3808 1085 3867 κέκληκεν·
1105 3806 1183 3871 ludu
1199 3810 1305 3872 κρύβδην

101 3893 220 3944 “tantum
231 3892 314 3957 utqui
327 3900 394 3941 tenet
410 3906 475 3940 nunc
492 3898 575 3942 teneat
593 3892 675 3941 donec
723 3886 760 3938 lui
771 3887 946 3957 κατεσκεύαζεν
956 3892 1013 3939 τότε
1025 3893 1155 3952 προφανῶς
1166 3893 1268 3952 κηρύξει.

98 3973 325 4041 [“quoadusque,’'
338 3974 594 4037 Ambrstr.]‹le‚’'&e.
623 3975 675 4025 For
756 3968 781 4019 6.
815 3986 871 4018 cum
897 3986 949 4019 reu.
967 3969 1062 4034 ficm't]
1095 3968 1151 4019 'l'he
1171 3970 1305 4019 translator

98 4060 230 4121 usquedum
247 4059 278 4108 cf.
296 4071 315 4108 1.
331 4075 356 4124 p.
371 4057 412 4124 69,
430 4058 447 4108 Ι.
465 4055 502 4116 16,
516 4065 583 4107 note.
617 4057 674 4106 The
722 4052 768 4101 has
779 4052 912 4116 carelessly
923 4053 1005 4102 added
1016 4068 1072 4102 cum
1084 4053 1182 4102 instead
1203 4052 1233 4102 ol
1244 4053 1303 4112 uiri,

99 4139 215 4189 omission
226 4140 257 4189 of
263 4146 324 4188 tunc
331 4139 417 4190 before
429 4139 578 4189 mulabitur
587 4139 609 4188 is
616 4154 673 4204 pro·
723 4143 750 4183 to
766 4135 891 4199 complete
909 4135 951 4184 the
968 4149 1047 4184 sense.
1083 4135 1113 4183 ln
1132 4134 1176 4184 the
1189 4145 1248 4184 next
1266 4152 1302 4185 re-

100 4218 332 4285 bablyaccidental.
723 4215 828 4275 lerence,
848 4216 890 4265 ille
903 4215 948 4265 hus
965 4216 1028 4264 been
1045 4215 1133 4281 dropt;
1156 4233 1197 4266 see
1213 4218 1303 4275 above,

130 4317 153 4363 3.
187 4300 365 4362 tuest...ille]
393 4301 468 4351 cned
479 4302 513 4365 by
530 4299 671 4360 Lanlran03
724 4297 740 4345 l.
757 4312 780 4345 ο.

100 4396 189 4433 sceva.
204 4383 229 4432 ll.
759 4391 796 4440 15.
832 4376 861 4425 in
888 4375 1052 4440 apparuune]
1084 4376 1165 4433 Tem,
1200 4380 1303 4442 “appa-

131 4475 153 4524 5.
186 4462 501 4523 reuelationtm...uucuuit]
535 4462 671 4513 So'l'hdt.:
723 4455 829 4509 renriff
869 4457 926 4507 The
944 4457 1019 4506 latin
1044 4457 1156 4507 versions
1175 4460 1303 4524 generally

100 4540 126 4593 oi
141 4541 171 4604 δὴ
185 4545 256 4608 χάριν
273 4545 315 4598 καὶ
331 4540 520 4607 “ἅποκάλυψιν’
538 4542 613 4595 αὐτοῦ
627 4541 673 4603 τὴν
723 4558 783 4606 vary
795 4541 908 4590 between
924 4536 1138 4589 “illustratione’'
1153 4539 1203 4588 and
1221 4540 1302 4589 “illu-
