<?xml version="1.0" encoding="UTF-8"?>
<!DOCTYPE html PUBLIC "-//W3C//DTD XHTML 1.0 Transitional//EN"
    "http://www.w3.org/TR/xhtml1/DTD/xhtml1-transitional.dtd">
<html xmlns="http://www.w3.org/1999/xhtml" xml:lang="en" lang="en">
 <head>
  <title>
</title>
<meta http-equiv="Content-Type" content="text/html;charset=utf-8" />
  <meta name='ocr-system' content='tesseract 3.04.00' />
  <meta name='ocr-capabilities' content='ocr_page ocr_carea ocr_par ocr_line ocrx_word'/>
</head>
<body>
  <div class='ocr_page' id='page_1' title='image "./theodoriepiscop00swetgoog_0056.png"; bbox 0 0 3142 5100; ppageno 0'>
   <div class='ocr_carea' id='block_1_1' title="bbox 250 354 1466 449">
    <p class='ocr_par' dir='ltr' id='par_1_1' title="bbox 250 354 1466 449">
     <span class='ocr_line' id='line_1_1' title="bbox 250 354 1466 449; baseline -0.007 -25"><span class='ocrx_word' id='word_1_1' title='bbox 250 378 292 440; x_wconf 88' lang='lat'>42</span> <span class='ocrx_word' id='word_1_2' title='bbox 371 379 373 383; x_wconf 93' lang='lat'>·</span> <span class='ocrx_word' id='word_1_3' title='bbox 590 371 819 427; x_wconf 77' lang='lat' dir='ltr'>rnrouonus</span> <span class='ocrx_word' id='word_1_4' title='bbox 842 369 1134 449; x_wconf 71' lang='lat' dir='ltr'>mopsuestenus</span> <span class='ocrx_word' id='word_1_5' title='bbox 1310 354 1349 438; x_wconf 89' lang='grc' dir='ltr'>[Ι.</span> <span class='ocrx_word' id='word_1_6' title='bbox 1371 370 1466 433; x_wconf 72' lang='grc'>1-3,</span> 
     </span>
    </p>
   </div>
   <div class='ocr_carea' id='block_1_2' title="bbox 222 537 1469 1443">
    <p class='ocr_par' dir='ltr' id='par_1_2' title="bbox 222 537 1469 1443">
     <span class='ocr_line' id='line_1_2' title="bbox 251 537 1466 624; baseline -0.007 -17"><span class='ocrx_word' id='word_1_7' title='bbox 251 543 368 608; x_wconf 89' lang='lat' dir='ltr'>ceteris</span> <span class='ocrx_word' id='word_1_8' title='bbox 398 543 621 621; x_wconf 81' lang='lat' dir='ltr'>nuntiabant3</span> <span class='ocrx_word' id='word_1_9' title='bbox 658 542 790 607; x_wconf 90' lang='lat' dir='ltr'>adiecto</span> <span class='ocrx_word' id='word_1_10' title='bbox 820 541 886 618; x_wconf 86' lang='lat' dir='ltr'>illo,</span> <span class='ocrx_word' id='word_1_11' title='bbox 915 539 1006 624; x_wconf 90' lang='lat' dir='ltr'>quod</span> <span class='ocrx_word' id='word_1_12' title='bbox 1037 538 1083 602; x_wconf 93' lang='lat' dir='ltr'>illi</span> <span class='ocrx_word' id='word_1_13' title='bbox 1120 539 1178 623; x_wconf 92' lang='lat' dir='ltr'>qui</span> <span class='ocrx_word' id='word_1_14' title='bbox 1215 537 1466 620; x_wconf 81' lang='lat' dir='ltr'>indisciplinate</span> 
     </span>
     <span class='ocr_line' id='line_1_3' title="bbox 254 640 1466 730; baseline -0.004 -21"><span class='ocrx_word' id='word_1_15' title='bbox 254 648 470 711; x_wconf 90' lang='lat' dir='ltr'>uersabantur</span> <span class='ocrx_word' id='word_1_16' title='bbox 485 645 576 710; x_wconf 87' lang='lat' dir='ltr'>nulla</span> <span class='ocrx_word' id='word_1_17' title='bbox 590 667 635 710; x_wconf 87' lang='lat' dir='ltr'>ex</span> <span class='ocrx_word' id='word_1_18' title='bbox 650 656 746 730; x_wconf 89' lang='lat' dir='ltr'>parte</span> <span class='ocrx_word' id='word_1_19' title='bbox 761 666 807 710; x_wconf 87' lang='lat' dir='ltr'>ex</span> <span class='ocrx_word' id='word_1_20' title='bbox 827 645 946 710; x_wconf 88' lang='lat' dir='ltr'>litteris</span> <span class='ocrx_word' id='word_1_21' title='bbox 964 644 1128 727; x_wconf 88' lang='lat' dir='ltr'>prioribus</span> <span class='ocrx_word' id='word_1_22' title='bbox 1149 643 1292 726; x_wconf 90' lang='lat' dir='ltr'>apostoli</span> <span class='ocrx_word' id='word_1_23' title='bbox 1308 640 1466 706; x_wconf 89' lang='lat' dir='ltr'>meliores</span> 
     </span>
     <span class='ocr_line' id='line_1_4' title="bbox 253 748 1468 832; baseline -0.002 -21"><span class='ocrx_word' id='word_1_24' title='bbox 253 751 303 812; x_wconf 94' lang='lat' dir='ltr'>sui</span> <span class='ocrx_word' id='word_1_25' title='bbox 333 749 464 812; x_wconf 83' lang='lat' dir='ltr'>fuerant</span> <span class='ocrx_word' id='word_1_26' title='bbox 490 748 609 825; x_wconf 85' lang='lat' dir='ltr'>effecti,</span> <span class='ocrx_word' id='word_1_27' title='bbox 635 749 695 813; x_wconf 91' lang='lat' dir='ltr'>sed</span> <span class='ocrx_word' id='word_1_28' title='bbox 721 748 1007 832; x_wconf 88' lang='lat' dir='ltr'>perseuerauerint</span> <span class='ocrx_word' id='word_1_29' title='bbox 1037 748 1071 811; x_wconf 93' lang='lat' dir='ltr'>in</span> <span class='ocrx_word' id='word_1_30' title='bbox 1101 748 1241 831; x_wconf 91' lang='lat' dir='ltr'>pristino</span> <span class='ocrx_word' id='word_1_31' title='bbox 1266 768 1328 811; x_wconf 88' lang='lat' dir='ltr'>suo</span> <span class='ocrx_word' id='word_1_32' title='bbox 1358 767 1468 829; x_wconf 87' lang='lat' dir='ltr'>prauo</span> 
     </span>
     <span class='ocr_line' id='line_1_5' title="bbox 253 836 1467 934; baseline -0.004 -19"><span class='ocrx_word' id='word_1_33' title='bbox 253 851 435 934; x_wconf 90' lang='lat' dir='ltr'>proposito.</span> <span class='ocrx_word' id='word_1_34' title='bbox 480 852 594 916; x_wconf 89' lang='lat' dir='ltr'>scribit</span> <span class='ocrx_word' id='word_1_35' title='bbox 623 852 725 934; x_wconf 87' lang='lat' dir='ltr'>igitur</span> <span class='ocrx_word' id='word_1_36' title='bbox 753 851 935 915; x_wconf 87' lang='lat' dir='ltr'>secundam</span> <span class='ocrx_word' id='word_1_37' title='bbox 966 848 1054 913; x_wconf 85' lang='lat' dir='ltr'>hanc</span> <span class='ocrx_word' id='word_1_38' title='bbox 1090 849 1279 931; x_wconf 89' lang='lat' dir='ltr'>epistolam,</span> <span class='ocrx_word' id='word_1_39' title='bbox 1317 836 1467 932; x_wconf 90' lang='lat' dir='ltr'>primum</span> 
     </span>
     <span class='ocr_line' id='line_1_6' title="bbox 222 954 1469 1043; baseline -0.002 -23"><span class='ocrx_word' id='word_1_40' title='bbox 222 976 238 1043; x_wconf 76' lang='grc' dir='ltr'>ς</span> <span class='ocrx_word' id='word_1_41' title='bbox 254 956 389 1039; x_wconf 92' lang='lat' dir='ltr'>quidem</span> <span class='ocrx_word' id='word_1_42' title='bbox 405 954 610 1019; x_wconf 88' lang='lat' dir='ltr'>conlaudans</span> <span class='ocrx_word' id='word_1_43' title='bbox 628 975 695 1031; x_wconf 90' lang='lat' dir='ltr'>eos,</span> <span class='ocrx_word' id='word_1_44' title='bbox 712 955 858 1039; x_wconf 93' lang='lat' dir='ltr'>eoquod</span> <span class='ocrx_word' id='word_1_45' title='bbox 875 964 992 1017; x_wconf 89' lang='lat' dir='ltr'>contra</span> <span class='ocrx_word' id='word_1_46' title='bbox 1012 973 1130 1017; x_wconf 91' lang='lat' dir='ltr'>omnes</span> <span class='ocrx_word' id='word_1_47' title='bbox 1146 955 1292 1037; x_wconf 87' lang='lat' dir='ltr'>impetus</span> <span class='ocrx_word' id='word_1_48' title='bbox 1309 955 1469 1017; x_wconf 63' lang='lat' dir='ltr'>aduersa*</span> 
     </span>
     <span class='ocr_line' id='line_1_7' title="bbox 254 1057 1469 1140; baseline 0.001 -18"><span class='ocrx_word' id='word_1_49' title='bbox 254 1059 376 1122; x_wconf 90' lang='lat' dir='ltr'>riorum</span> <span class='ocrx_word' id='word_1_50' title='bbox 402 1059 611 1122; x_wconf 87' lang='lat' dir='ltr'>decertantes</span> <span class='ocrx_word' id='word_1_51' title='bbox 636 1078 703 1121; x_wconf 92' lang='lat' dir='ltr'>non</span> <span class='ocrx_word' id='word_1_52' title='bbox 730 1057 861 1122; x_wconf 85' lang='lat' dir='ltr'>fuerant</span> <span class='ocrx_word' id='word_1_53' title='bbox 887 1057 1032 1140; x_wconf 92' lang='lat' dir='ltr'>superati</span> <span class='ocrx_word' id='word_1_54' title='bbox 1044 1077 1053 1136; x_wconf 90' lang='lat'>;</span> <span class='ocrx_word' id='word_1_55' title='bbox 1085 1057 1282 1122; x_wconf 86' lang='lat' dir='ltr'>adhortatur</span> <span class='ocrx_word' id='word_1_56' title='bbox 1304 1080 1382 1123; x_wconf 87' lang='lat' dir='ltr'>uero</span> <span class='ocrx_word' id='word_1_57' title='bbox 1407 1079 1469 1122; x_wconf 89' lang='lat' dir='ltr'>eos</span> 
     </span>
     <span class='ocr_line' id='line_1_8' title="bbox 254 1162 1469 1247; baseline -0.001 -20"><span class='ocrx_word' id='word_1_58' title='bbox 254 1163 356 1227; x_wconf 83' lang='lat' dir='ltr'>etiam</span> <span class='ocrx_word' id='word_1_59' title='bbox 373 1162 515 1226; x_wconf 91' lang='lat' dir='ltr'>currenti</span> <span class='ocrx_word' id='word_1_60' title='bbox 529 1170 682 1244; x_wconf 89' lang='lat' dir='ltr'>tempore</span> <span class='ocrx_word' id='word_1_61' title='bbox 697 1162 730 1224; x_wconf 91' lang='lat' dir='ltr'>in</span> <span class='ocrx_word' id='word_1_62' title='bbox 747 1162 866 1225; x_wconf 91' lang='lat' dir='ltr'>eodem</span> <span class='ocrx_word' id='word_1_63' title='bbox 882 1162 1058 1244; x_wconf 87' lang='lat' dir='ltr'>persistere</span> <span class='ocrx_word' id='word_1_64' title='bbox 1069 1165 1250 1246; x_wconf 88' lang='lat' dir='ltr'>proposito,</span> <span class='ocrx_word' id='word_1_65' title='bbox 1263 1184 1469 1247; x_wconf 91' lang='lat' dir='ltr'>omnemque</span> 
     </span>
     <span class='ocr_line' id='line_1_9' title="bbox 254 1260 1468 1347; baseline 0.001 -19"><span class='ocrx_word' id='word_1_66' title='bbox 254 1273 490 1347; x_wconf 90' lang='lat' dir='ltr'>tempestatem</span> <span class='ocrx_word' id='word_1_67' title='bbox 519 1265 563 1327; x_wconf 89' lang='lat' dir='ltr'>ab</span> <span class='ocrx_word' id='word_1_68' title='bbox 593 1263 790 1327; x_wconf 88' lang='lat' dir='ltr'>aduersariis</span> <span class='ocrx_word' id='word_1_69' title='bbox 819 1260 957 1327; x_wconf 90' lang='lat' dir='ltr'>inlatam</span> <span class='ocrx_word' id='word_1_70' title='bbox 987 1283 1048 1346; x_wconf 88' lang='lat' dir='ltr'>per</span> <span class='ocrx_word' id='word_1_71' title='bbox 1076 1265 1273 1347; x_wconf 89' lang='lat' dir='ltr'>patientiam</span> <span class='ocrx_word' id='word_1_72' title='bbox 1300 1284 1468 1347; x_wconf 89' lang='lat' dir='ltr'>superare.</span> 
     </span>
     <span class='ocr_line' id='line_1_10' title="bbox 254 1366 1467 1443; baseline -0.002 -10"><span class='ocrx_word' id='word_1_73' title='bbox 254 1370 376 1433; x_wconf 91' lang='lat' dir='ltr'>deinde</span> <span class='ocrx_word' id='word_1_74' title='bbox 398 1368 530 1432; x_wconf 91' lang='lat' dir='ltr'>instruit</span> <span class='ocrx_word' id='word_1_75' title='bbox 552 1387 618 1443; x_wconf 90' lang='lat' dir='ltr'>eos,</span> <span class='ocrx_word' id='word_1_76' title='bbox 640 1377 678 1431; x_wconf 92' lang='lat' dir='ltr'>ut</span> <span class='ocrx_word' id='word_1_77' title='bbox 704 1387 770 1432; x_wconf 93' lang='lat' dir='ltr'>non</span> <span class='ocrx_word' id='word_1_78' title='bbox 794 1366 990 1431; x_wconf 85' lang='lat' dir='ltr'>existiment</span> <span class='ocrx_word' id='word_1_79' title='bbox 1013 1368 1205 1431; x_wconf 87' lang='lat' dir='ltr'>incumbere</span> <span class='ocrx_word' id='word_1_80' title='bbox 1227 1367 1290 1432; x_wconf 90' lang='lat' dir='ltr'>sibi</span> <span class='ocrx_word' id='word_1_81' title='bbox 1311 1388 1467 1431; x_wconf 90' lang='lat' dir='ltr'>consum·</span> 
     </span>
    </p>
   </div>
   <div class='ocr_carea' id='block_1_3' title="bbox 111 1468 1468 1551">
    <p class='ocr_par' dir='ltr' id='par_1_3' title="bbox 111 1468 1468 1551">
     <span class='ocr_line' id='line_1_11' title="bbox 111 1468 1468 1551; baseline 0.001 -19"><span class='ocrx_word' id='word_1_82' title='bbox 111 1504 116 1515; x_wconf 72' lang='lat'>=</span> <span class='ocrx_word' id='word_1_83' title='bbox 203 1486 243 1536; x_wconf 91' lang='lat'>10</span> <span class='ocrx_word' id='word_1_84' title='bbox 256 1470 419 1533; x_wconf 89' lang='lat' dir='ltr'>mationes</span> <span class='ocrx_word' id='word_1_85' title='bbox 435 1478 633 1551; x_wconf 90' lang='lat' dir='ltr'>temporum.</span> <span class='ocrx_word' id='word_1_86' title='bbox 667 1470 753 1532; x_wconf 88' lang='lat' dir='ltr'>inter</span> <span class='ocrx_word' id='word_1_87' title='bbox 767 1477 879 1532; x_wconf 90' lang='lat' dir='ltr'>cetera</span> <span class='ocrx_word' id='word_1_88' title='bbox 894 1489 973 1532; x_wconf 90' lang='lat' dir='ltr'>uero</span> <span class='ocrx_word' id='word_1_89' title='bbox 989 1468 1123 1533; x_wconf 88' lang='lat' dir='ltr'>instruit</span> <span class='ocrx_word' id='word_1_90' title='bbox 1144 1490 1201 1534; x_wconf 92' lang='lat' dir='ltr'>eos</span> <span class='ocrx_word' id='word_1_91' title='bbox 1217 1479 1251 1535; x_wconf 91' lang='lat' dir='ltr'>et</span> <span class='ocrx_word' id='word_1_92' title='bbox 1266 1469 1468 1533; x_wconf 90' lang='lat' dir='ltr'>Antichristi</span> 
     </span>
    </p>
   </div>
   <div class='ocr_carea' id='block_1_4' title="bbox 204 1571 1468 2065">
    <p class='ocr_par' dir='ltr' id='par_1_4' title="bbox 255 1571 1468 1654">
     <span class='ocr_line' id='line_1_12' title="bbox 255 1571 1468 1654; baseline 0.002 -19"><span class='ocrx_word' id='word_1_93' title='bbox 255 1572 447 1649; x_wconf 88' lang='lat' dir='ltr'>aduentum,</span> <span class='ocrx_word' id='word_1_94' title='bbox 468 1580 501 1634; x_wconf 90' lang='lat' dir='ltr'>et</span> <span class='ocrx_word' id='word_1_95' title='bbox 522 1571 666 1654; x_wconf 89' lang='lat' dir='ltr'>qualiter</span> <span class='ocrx_word' id='word_1_96' title='bbox 685 1571 738 1635; x_wconf 89' lang='lat' dir='ltr'>uel</span> <span class='ocrx_word' id='word_1_97' title='bbox 759 1572 931 1654; x_wconf 92' lang='lat' dir='ltr'>quomodo</span> <span class='ocrx_word' id='word_1_98' title='bbox 949 1572 993 1637; x_wconf 92' lang='lat' dir='ltr'>sit</span> <span class='ocrx_word' id='word_1_99' title='bbox 1012 1573 1245 1654; x_wconf 89' lang='lat' dir='ltr'>adpariturus;</span> <span class='ocrx_word' id='word_1_100' title='bbox 1269 1573 1346 1636; x_wconf 92' lang='lat' dir='ltr'>dein</span> <span class='ocrx_word' id='word_1_101' title='bbox 1363 1574 1468 1637; x_wconf 92' lang='lat' dir='ltr'>indis-</span> 
     </span>
    </p>

    <p class='ocr_par' dir='ltr' id='par_1_5' title="bbox 255 1674 1468 1761">
     <span class='ocr_line' id='line_1_13' title="bbox 255 1674 1468 1761; baseline 0.004 -23"><span class='ocrx_word' id='word_1_102' title='bbox 255 1674 422 1757; x_wconf 91' lang='lat' dir='ltr'>ciplinatis</span> <span class='ocrx_word' id='word_1_103' title='bbox 445 1674 569 1753; x_wconf 89' lang='lat' dir='ltr'>scribit,</span> <span class='ocrx_word' id='word_1_104' title='bbox 593 1674 809 1738; x_wconf 89' lang='lat' dir='ltr'>uehementer</span> <span class='ocrx_word' id='word_1_105' title='bbox 834 1696 893 1738; x_wconf 89' lang='lat' dir='ltr'>eos</span> <span class='ocrx_word' id='word_1_106' title='bbox 915 1677 1105 1759; x_wconf 70' lang='lat' dir='ltr'>corripiens</span> <span class='ocrx_word' id='word_1_107' title='bbox 1136 1699 1175 1742; x_wconf 88' lang='lat' dir='ltr'>eo</span> <span class='ocrx_word' id='word_1_108' title='bbox 1200 1680 1291 1761; x_wconf 94' lang='lat' dir='ltr'>quod</span> <span class='ocrx_word' id='word_1_109' title='bbox 1314 1678 1396 1742; x_wconf 92' lang='lat' dir='ltr'>nihil</span> <span class='ocrx_word' id='word_1_110' title='bbox 1420 1701 1468 1743; x_wconf 86' lang='lat' dir='ltr'>ex</span> 
     </span>
    </p>

    <p class='ocr_par' dir='ltr' id='par_1_6' title="bbox 256 1775 1468 1861">
     <span class='ocr_line' id='line_1_14' title="bbox 256 1775 1468 1861; baseline 0.006 -24"><span class='ocrx_word' id='word_1_111' title='bbox 256 1775 320 1838; x_wconf 90' lang='lat' dir='ltr'>illis</span> <span class='ocrx_word' id='word_1_112' title='bbox 341 1776 504 1858; x_wconf 89' lang='lat' dir='ltr'>prioribus</span> <span class='ocrx_word' id='word_1_113' title='bbox 527 1777 657 1860; x_wconf 91' lang='lat' dir='ltr'>scriptis</span> <span class='ocrx_word' id='word_1_114' title='bbox 680 1776 802 1841; x_wconf 88' lang='lat' dir='ltr'>fuerint</span> <span class='ocrx_word' id='word_1_115' title='bbox 825 1777 985 1852; x_wconf 79' lang='lat' dir='ltr'>adiuuari,</span> <span class='ocrx_word' id='word_1_116' title='bbox 1009 1779 1043 1840; x_wconf 94' lang='lat' dir='ltr'>in</span> <span class='ocrx_word' id='word_1_117' title='bbox 1066 1778 1187 1861; x_wconf 90' lang='lat' dir='ltr'>quibus</span> <span class='ocrx_word' id='word_1_118' title='bbox 1208 1777 1381 1843; x_wconf 88' lang='lat' dir='ltr'>consilium</span> <span class='ocrx_word' id='word_1_119' title='bbox 1401 1779 1468 1844; x_wconf 91' lang='lat' dir='ltr'>illis</span> 
     </span>
    </p>

    <p class='ocr_par' dir='ltr' id='par_1_7' title="bbox 204 1876 1468 2065">
     <span class='ocr_line' id='line_1_15' title="bbox 255 1876 1468 1962; baseline 0.006 -23"><span class='ocrx_word' id='word_1_120' title='bbox 255 1877 394 1940; x_wconf 92' lang='lat' dir='ltr'>dederat</span> <span class='ocrx_word' id='word_1_121' title='bbox 412 1876 455 1940; x_wconf 92' lang='lat' dir='ltr'>de</span> <span class='ocrx_word' id='word_1_122' title='bbox 478 1877 541 1941; x_wconf 92' lang='lat' dir='ltr'>illis</span> <span class='ocrx_word' id='word_1_123' title='bbox 562 1899 649 1961; x_wconf 92' lang='lat' dir='ltr'>quae</span> <span class='ocrx_word' id='word_1_124' title='bbox 669 1900 726 1942; x_wconf 89' lang='lat' dir='ltr'>eos</span> <span class='ocrx_word' id='word_1_125' title='bbox 749 1899 848 1962; x_wconf 84' lang='lat' dir='ltr'>agere</span> <span class='ocrx_word' id='word_1_126' title='bbox 871 1880 1122 1945; x_wconf 86' lang='lat' dir='ltr'>conueniebant</span> <span class='ocrx_word' id='word_1_127' title='bbox 1168 1882 1297 1949; x_wconf 84' lang='lat' dir='ltr'>cautius</span> <span class='ocrx_word' id='word_1_128' title='bbox 1320 1902 1400 1944; x_wconf 92' lang='lat' dir='ltr'>uero</span> <span class='ocrx_word' id='word_1_129' title='bbox 1422 1883 1468 1946; x_wconf 89' lang='lat' dir='ltr'>de</span> 
     </span>
     <span class='ocr_line' id='line_1_16' title="bbox 204 1978 1406 2065; baseline 0.002 -22"><span class='ocrx_word' id='word_1_130' title='bbox 204 1991 239 2061; x_wconf 85' lang='lat'>15</span> <span class='ocrx_word' id='word_1_131' title='bbox 256 1978 411 2042; x_wconf 90' lang='lat' dir='ltr'>omnibus</span> <span class='ocrx_word' id='word_1_132' title='bbox 426 1980 628 2043; x_wconf 90' lang='lat' dir='ltr'>instruemur</span> <span class='ocrx_word' id='word_1_133' title='bbox 643 2001 687 2044; x_wconf 87' lang='lat' dir='ltr'>ex</span> <span class='ocrx_word' id='word_1_134' title='bbox 704 1978 768 2043; x_wconf 93' lang='lat' dir='ltr'>illis</span> <span class='ocrx_word' id='word_1_135' title='bbox 783 2002 870 2064; x_wconf 92' lang='lat' dir='ltr'>quae</span> <span class='ocrx_word' id='word_1_136' title='bbox 885 1983 918 2044; x_wconf 91' lang='lat' dir='ltr'>in</span> <span class='ocrx_word' id='word_1_137' title='bbox 934 1981 1215 2065; x_wconf 89' lang='lat' dir='ltr'>subsequentibus</span> <span class='ocrx_word' id='word_1_138' title='bbox 1230 1980 1406 2045; x_wconf 92' lang='lat' dir='ltr'>habentur.</span> 
     </span>
    </p>
   </div>
   <div class='ocr_carea' id='block_1_5' title="bbox 256 2141 1473 2429">
    <p class='ocr_par' dir='ltr' id='par_1_8' title="bbox 256 2141 1473 2429">
     <span class='ocr_line' id='line_1_17' title="bbox 321 2141 1469 2208; baseline 0.004 -5"><span class='ocrx_word' id='word_1_139' title='bbox 321 2141 451 2204; x_wconf 84' lang='lat' dir='ltr'>Paulus</span> <span class='ocrx_word' id='word_1_140' title='bbox 473 2151 505 2205; x_wconf 83' lang='lat' dir='ltr'>et</span> <span class='ocrx_word' id='word_1_141' title='bbox 528 2141 691 2207; x_wconf 80' lang='lat' dir='ltr'>Sr&#39;laanm</span> <span class='ocrx_word' id='word_1_142' title='bbox 710 2152 743 2207; x_wconf 82' lang='lat' dir='ltr'>et</span> <span class='ocrx_word' id='word_1_143' title='bbox 765 2142 952 2207; x_wconf 72' lang='lat' dir='ltr'>Timotheus</span> <span class='ocrx_word' id='word_1_144' title='bbox 972 2142 1114 2207; x_wconf 75' lang='lat' dir='ltr'>ecclesias</span> <span class='ocrx_word' id='word_1_145' title='bbox 1140 2142 1172 2206; x_wconf 88' lang='lat' dir='ltr'><em>T</em></span> <span class='ocrx_word' id='word_1_146' title='bbox 1167 2142 1469 2208; x_wconf 77' lang='lat' dir='ltr'>hessalam&#39;censium</span> 
     </span>
     <span class='ocr_line' id='line_1_18' title="bbox 258 2244 1473 2334; baseline 0.005 -26"><span class='ocrx_word' id='word_1_147' title='bbox 258 2244 292 2308; x_wconf 87' lang='lat' dir='ltr'>in</span> <span class='ocrx_word' id='word_1_148' title='bbox 315 2244 384 2308; x_wconf 79' lang='lat' dir='ltr'>Dea</span> <span class='ocrx_word' id='word_1_149' title='bbox 398 2254 495 2328; x_wconf 81' lang='lat' dir='ltr'>patre</span> <span class='ocrx_word' id='word_1_150' title='bbox 515 2256 622 2310; x_wconf 84' lang='lat' dir='ltr'>nostra</span> <span class='ocrx_word' id='word_1_151' title='bbox 643 2257 675 2309; x_wconf 80' lang='lat' dir='ltr'>at</span> <span class='ocrx_word' id='word_1_152' title='bbox 694 2246 824 2310; x_wconf 81' lang='lat' dir='ltr'>damma</span> <span class='ocrx_word' id='word_1_153' title='bbox 839 2247 912 2310; x_wconf 84' lang='lat' dir='ltr'>Iesu</span> <span class='ocrx_word' id='word_1_154' title='bbox 930 2244 1066 2312; x_wconf 73' lang='lat' dir='ltr'>Christo.</span> <span class='ocrx_word' id='word_1_155' title='bbox 1104 2248 1223 2330; x_wconf 79' lang='lat' dir='ltr'>gratia</span> <span class='ocrx_word' id='word_1_156' title='bbox 1245 2249 1336 2313; x_wconf 84' lang='lat' dir='ltr'>uobis</span> <span class='ocrx_word' id='word_1_157' title='bbox 1354 2259 1385 2314; x_wconf 80' lang='lat' dir='ltr'>et</span> <span class='ocrx_word' id='word_1_158' title='bbox 1397 2263 1473 2334; x_wconf 66' lang='lat' dir='ltr'>par</span> 
     </span>
     <span class='ocr_line' id='line_1_19' title="bbox 256 2346 1016 2429; baseline 0.008 -20"><span class='ocrx_word' id='word_1_159' title='bbox 256 2366 278 2409; x_wconf 90' lang='lat' dir='ltr'>a</span> <span class='ocrx_word' id='word_1_160' title='bbox 293 2346 362 2409; x_wconf 82' lang='lat' dir='ltr'>Deo</span> <span class='ocrx_word' id='word_1_161' title='bbox 368 2357 466 2429; x_wconf 81' lang='lat' dir='ltr'>patre</span> <span class='ocrx_word' id='word_1_162' title='bbox 479 2359 586 2411; x_wconf 87' lang='lat' dir='ltr'>nostro</span> <span class='ocrx_word' id='word_1_163' title='bbox 599 2358 631 2412; x_wconf 80' lang='lat' dir='ltr'>at</span> <span class='ocrx_word' id='word_1_164' title='bbox 643 2348 773 2413; x_wconf 84' lang='lat' dir='ltr'>damino</span> <span class='ocrx_word' id='word_1_165' title='bbox 788 2350 862 2413; x_wconf 79' lang='lat' dir='ltr'>Iesu</span> <span class='ocrx_word' id='word_1_166' title='bbox 879 2348 1016 2415; x_wconf 74' lang='lat' dir='ltr'>Christo.</span> 
     </span>
    </p>
   </div>
   <div class='ocr_carea' id='block_1_6' title="bbox 322 2475 1263 2562">
    <p class='ocr_par' dir='ltr' id='par_1_9' title="bbox 322 2475 1263 2562">
     <span class='ocr_line' id='line_1_20' title="bbox 322 2475 1263 2562; baseline 0.004 -23"><span class='ocrx_word' id='word_1_167' title='bbox 322 2476 408 2539; x_wconf 91' lang='lat' dir='ltr'>hanc</span> <span class='ocrx_word' id='word_1_168' title='bbox 423 2475 719 2559; x_wconf 87' lang='lat' dir='ltr'>praescriptionem</span> <span class='ocrx_word' id='word_1_169' title='bbox 736 2475 898 2560; x_wconf 89' lang='lat' dir='ltr'>epistolae</span> <span class='ocrx_word' id='word_1_170' title='bbox 914 2475 1047 2553; x_wconf 87' lang='lat' dir='ltr'>faciens,</span> <span class='ocrx_word' id='word_1_171' title='bbox 1064 2476 1181 2562; x_wconf 90' lang='lat' dir='ltr'>incipit</span> <span class='ocrx_word' id='word_1_172' title='bbox 1196 2479 1263 2543; x_wconf 89' lang='lat' dir='ltr'>sic:</span> 
     </span>
    </p>
   </div>
   <div class='ocr_carea' id='block_1_7' title="bbox 202 2635 1472 2831">
    <p class='ocr_par' dir='ltr' id='par_1_10' title="bbox 202 2635 1472 2831">
     <span class='ocr_line' id='line_1_21' title="bbox 202 2635 1472 2730; baseline 0.003 -22"><span class='ocrx_word' id='word_1_173' title='bbox 202 2659 245 2708; x_wconf 89' lang='lat'>20</span> <span class='ocrx_word' id='word_1_174' title='bbox 316 2645 450 2728; x_wconf 81' lang='lat' dir='ltr'>gratias</span> <span class='ocrx_word' id='word_1_175' title='bbox 474 2665 568 2727; x_wconf 79' lang='lat' dir='ltr'>agera</span> <span class='ocrx_word' id='word_1_176' title='bbox 596 2644 743 2710; x_wconf 75' lang='lat' dir='ltr'>debemus</span> <span class='ocrx_word' id='word_1_177' title='bbox 771 2645 841 2710; x_wconf 84' lang='lat' dir='ltr'>Deo</span> <span class='ocrx_word' id='word_1_178' title='bbox 869 2656 993 2728; x_wconf 81' lang='lat' dir='ltr'>semper</span> <span class='ocrx_word' id='word_1_179' title='bbox 1011 2658 1075 2730; x_wconf 82' lang='lat' dir='ltr'>pra</span> <span class='ocrx_word' id='word_1_180' title='bbox 1089 2635 1197 2723; x_wconf 58' lang='lat' dir='ltr'>&#39;uobis</span> <span class='ocrx_word' id='word_1_181' title='bbox 1216 2648 1355 2729; x_wconf 79' lang='lat' dir='ltr'>fratres,</span> <span class='ocrx_word' id='word_1_182' title='bbox 1385 2648 1472 2712; x_wconf 85' lang='lat' dir='ltr'>sicut</span> 
     </span>
     <span class='ocr_line' id='line_1_22' title="bbox 257 2747 463 2831; baseline 0.01 -21"><span class='ocrx_word' id='word_1_183' title='bbox 257 2747 395 2831; x_wconf 59' lang='lat' dir='ltr'>dignum</span> <span class='ocrx_word' id='word_1_184' title='bbox 408 2758 463 2813; x_wconf 83' lang='lat' dir='ltr'>est.</span> 
     </span>
    </p>
   </div>
   <div class='ocr_carea' id='block_1_8' title="bbox 258 2876 1470 3174">
    <p class='ocr_par' dir='ltr' id='par_1_11' title="bbox 258 2876 1470 3174">
     <span class='ocr_line' id='line_1_23' title="bbox 322 2876 1470 2964; baseline 0.006 -25"><span class='ocrx_word' id='word_1_185' title='bbox 322 2897 344 2939; x_wconf 90' lang='lat' dir='ltr'>a</span> <span class='ocrx_word' id='word_1_186' title='bbox 365 2876 545 2960; x_wconf 84' lang='lat' dir='ltr'>gratiarum</span> <span class='ocrx_word' id='word_1_187' title='bbox 568 2877 699 2941; x_wconf 89' lang='lat' dir='ltr'>actione</span> <span class='ocrx_word' id='word_1_188' title='bbox 722 2877 867 2960; x_wconf 91' lang='lat' dir='ltr'>incipere</span> <span class='ocrx_word' id='word_1_189' title='bbox 890 2878 978 2940; x_wconf 92' lang='lat' dir='ltr'>idem</span> <span class='ocrx_word' id='word_1_190' title='bbox 1000 2878 1173 2962; x_wconf 89' lang='lat' dir='ltr'>apostolus</span> <span class='ocrx_word' id='word_1_191' title='bbox 1196 2901 1297 2964; x_wconf 90' lang='lat' dir='ltr'>saepe</span> <span class='ocrx_word' id='word_1_192' title='bbox 1317 2890 1368 2945; x_wconf 91' lang='lat' dir='ltr'>est</span> <span class='ocrx_word' id='word_1_193' title='bbox 1389 2901 1470 2945; x_wconf 89' lang='lat' dir='ltr'>con·</span> 
     </span>
     <span class='ocr_line' id='line_1_24' title="bbox 258 2979 1468 3069; baseline 0.006 -25"><span class='ocrx_word' id='word_1_194' title='bbox 258 2990 382 3044; x_wconf 87' lang='lat' dir='ltr'>suetus.</span> <span class='ocrx_word' id='word_1_195' title='bbox 427 2979 490 3045; x_wconf 93' lang='lat' dir='ltr'>hoc</span> <span class='ocrx_word' id='word_1_196' title='bbox 520 3001 599 3045; x_wconf 88' lang='lat' dir='ltr'>uero</span> <span class='ocrx_word' id='word_1_197' title='bbox 630 2982 664 3044; x_wconf 92' lang='lat' dir='ltr'>in</span> <span class='ocrx_word' id='word_1_198' title='bbox 700 2981 775 3045; x_wconf 93' lang='lat' dir='ltr'>loco</span> <span class='ocrx_word' id='word_1_199' title='bbox 812 2982 913 3045; x_wconf 89' lang='lat' dir='ltr'>etiam</span> <span class='ocrx_word' id='word_1_200' title='bbox 947 2981 1107 3047; x_wconf 89' lang='lat' dir='ltr'>dilatasse</span> <span class='ocrx_word' id='word_1_201' title='bbox 1138 2984 1245 3068; x_wconf 91' lang='lat' dir='ltr'>ipsam</span> <span class='ocrx_word' id='word_1_202' title='bbox 1284 2988 1468 3069; x_wconf 85' lang='lat' dir='ltr'>gratiarum</span> 
     </span>
     <span class='ocr_line' id='line_1_25' title="bbox 258 3086 1469 3174; baseline 0.006 -27"><span class='ocrx_word' id='word_1_203' title='bbox 258 3086 425 3148; x_wconf 90' lang='lat' dir='ltr'>actionem</span> <span class='ocrx_word' id='word_1_204' title='bbox 455 3086 596 3164; x_wconf 88' lang='lat' dir='ltr'>uidetur,</span> <span class='ocrx_word' id='word_1_205' title='bbox 627 3106 694 3149; x_wconf 90' lang='lat' dir='ltr'>non</span> <span class='ocrx_word' id='word_1_206' title='bbox 723 3086 878 3151; x_wconf 90' lang='lat' dir='ltr'>absolute</span> <span class='ocrx_word' id='word_1_207' title='bbox 906 3087 1021 3153; x_wconf 88' lang='lat' dir='ltr'>dicens</span> <span class='ocrx_word' id='word_1_208' title='bbox 1052 3090 1194 3173; x_wconf 80' lang='lat' dir='ltr'>‘gratias</span> <span class='ocrx_word' id='word_1_209' title='bbox 1231 3090 1381 3174; x_wconf 84' lang='lat' dir='ltr'>agimus,’</span> <span class='ocrx_word' id='word_1_210' title='bbox 1409 3092 1469 3155; x_wconf 89' lang='lat' dir='ltr'>sed</span> 
     </span>
    </p>
   </div>
   <div class='ocr_carea' id='block_1_9' title="bbox 259 3264 1473 3818">
    <p class='ocr_par' dir='ltr' id='par_1_12' title="bbox 259 3264 1473 3818">
     <span class='ocr_line' id='line_1_26' title="bbox 310 3264 1470 3331; baseline 0.001 -15"><span class='ocrx_word' id='word_1_211' title='bbox 310 3264 599 3331; x_wconf 77' lang='lat' dir='ltr'>rquo(forquod)0&#39;</span> <span class='ocrx_word' id='word_1_212' title='bbox 632 3266 740 3331; x_wconf 83' lang='lat' dir='ltr'>quaeH</span> <span class='ocrx_word' id='word_1_213' title='bbox 768 3265 963 3331; x_wconf 87' lang='lat' dir='ltr'>quodilliamr</span> <span class='ocrx_word' id='word_1_214' title='bbox 1060 3267 1308 3330; x_wconf 62' lang='lat' dir='ltr'>gsuiamCharr)</span> <span class='ocrx_word' id='word_1_215' title='bbox 1414 3279 1470 3331; x_wconf 84' lang='lat'>4,7</span> 
     </span>
     <span class='ocr_line' id='line_1_27' title="bbox 260 3346 1470 3417; baseline 0 -19"><span class='ocrx_word' id='word_1_216' title='bbox 260 3349 389 3414; x_wconf 88' lang='lat' dir='ltr'>propositu</span> <span class='ocrx_word' id='word_1_217' title='bbox 410 3346 445 3399; x_wconf 76' lang='lat' dir='ltr'>C‘</span> <span class='ocrx_word' id='word_1_218' title='bbox 559 3362 621 3410; x_wconf 67' lang='lat' dir='ltr'>seo</span> <span class='ocrx_word' id='word_1_219' title='bbox 639 3348 692 3412; x_wconf 80' lang='lat' dir='ltr'>(bes</span> <span class='ocrx_word' id='word_1_220' title='bbox 701 3349 780 3412; x_wconf 89' lang='lat' dir='ltr'>quod)</span> <span class='ocrx_word' id='word_1_221' title='bbox 798 3362 837 3396; x_wconf 87' lang='lat' dir='ltr'>am</span> <span class='ocrx_word' id='word_1_222' title='bbox 853 3364 870 3397; x_wconf 86' lang='lat' dir='ltr'>r</span> <span class='ocrx_word' id='word_1_223' title='bbox 977 3349 1120 3412; x_wconf 73' lang='lat' dir='ltr'>Ssuperari</span> <span class='ocrx_word' id='word_1_224' title='bbox 1143 3348 1217 3399; x_wconf 73' lang='lat' dir='ltr'>C&#39;H</span> <span class='ocrx_word' id='word_1_225' title='bbox 1321 3364 1470 3417; x_wconf 88' lang='lat' dir='ltr'>9consum·</span> 
     </span>
     <span class='ocr_line' id='line_1_28' title="bbox 259 3426 1470 3493; baseline 0.002 -13"><span class='ocrx_word' id='word_1_226' title='bbox 259 3431 395 3480; x_wconf 87' lang='lat' dir='ltr'>mationem</span> <span class='ocrx_word' id='word_1_227' title='bbox 409 3430 422 3478; x_wconf 89' lang='lat' dir='ltr'>l</span> <span class='ocrx_word' id='word_1_228' title='bbox 552 3444 582 3478; x_wconf 89' lang='lat'>10</span> <span class='ocrx_word' id='word_1_229' title='bbox 598 3435 737 3493; x_wconf 88' lang='lat' dir='ltr'>temporam</span> <span class='ocrx_word' id='word_1_230' title='bbox 754 3427 878 3492; x_wconf 87' lang='lat' dir='ltr'>(tempora</span> <span class='ocrx_word' id='word_1_231' title='bbox 884 3429 906 3489; x_wconf 79' lang='lat' dir='ltr'>i)</span> <span class='ocrx_word' id='word_1_232' title='bbox 920 3428 959 3478; x_wconf 76' lang='lat' dir='ltr'>C*</span> <span class='ocrx_word' id='word_1_233' title='bbox 974 3426 978 3493; x_wconf 89' lang='grc' dir='ltr'>Ι</span> <span class='ocrx_word' id='word_1_234' title='bbox 993 3445 1053 3479; x_wconf 89' lang='lat' dir='ltr'>uero</span> <span class='ocrx_word' id='word_1_235' title='bbox 1070 3429 1168 3480; x_wconf 86' lang='lat' dir='ltr'>instruit</span> <span class='ocrx_word' id='word_1_236' title='bbox 1185 3430 1222 3478; x_wconf 85' lang='lat' dir='ltr'>bis</span> <span class='ocrx_word' id='word_1_237' title='bbox 1237 3430 1273 3479; x_wconf 85' lang='lat' dir='ltr'><em>H</em></span> <span class='ocrx_word' id='word_1_238' title='bbox 1311 3430 1344 3481; x_wconf 78' lang='lat' dir='ltr'>A.</span> <span class='ocrx_word' id='word_1_239' title='bbox 1358 3431 1470 3482; x_wconf 85' lang='lat' dir='ltr'>aduentu</span> 
     </span>
     <span class='ocr_line' id='line_1_29' title="bbox 262 3508 1473 3575; baseline -0.001 -12"><span class='ocrx_word' id='word_1_240' title='bbox 262 3513 297 3563; x_wconf 74' lang='lat' dir='ltr'>C&#39;</span> <span class='ocrx_word' id='word_1_241' title='bbox 337 3513 370 3562; x_wconf 90' lang='lat' dir='ltr'>de</span> <span class='ocrx_word' id='word_1_242' title='bbox 388 3511 421 3561; x_wconf 82' lang='lat' dir='ltr'>A.</span> <span class='ocrx_word' id='word_1_243' title='bbox 443 3511 553 3560; x_wconf 88' lang='lat' dir='ltr'>aduentu</span> <span class='ocrx_word' id='word_1_244' title='bbox 573 3510 595 3559; x_wconf 88' lang='lat' dir='ltr'><em>C</em></span> <span class='ocrx_word' id='word_1_245' title='bbox 613 3509 684 3570; x_wconf 78' lang='lat' dir='ltr'>(carr)</span> <span class='ocrx_word' id='word_1_246' title='bbox 700 3508 704 3574; x_wconf 91' lang='grc' dir='ltr'>Ι</span> <span class='ocrx_word' id='word_1_247' title='bbox 718 3510 839 3560; x_wconf 87' lang='lat' dir='ltr'>deindisc.</span> <span class='ocrx_word' id='word_1_248' title='bbox 857 3510 932 3559; x_wconf 90' lang='lat' dir='ltr'>scribi</span> <span class='ocrx_word' id='word_1_249' title='bbox 953 3511 992 3560; x_wconf 79' lang='lat' dir='ltr'>C*</span> <span class='ocrx_word' id='word_1_250' title='bbox 1036 3511 1068 3560; x_wconf 87' lang='lat' dir='ltr'>de</span> <span class='ocrx_word' id='word_1_251' title='bbox 1090 3511 1117 3560; x_wconf 89' lang='lat' dir='ltr'>in</span> <span class='ocrx_word' id='word_1_252' title='bbox 1139 3511 1304 3575; x_wconf 86' lang='lat' dir='ltr'>disciplinatis</span> <span class='ocrx_word' id='word_1_253' title='bbox 1325 3513 1437 3562; x_wconf 86' lang='lat' dir='ltr'>scn&#39;bens</span> <span class='ocrx_word' id='word_1_254' title='bbox 1456 3530 1473 3562; x_wconf 84' lang='lat' dir='ltr'>r</span> 
     </span>
     <span class='ocr_line' id='line_1_30' title="bbox 263 3587 1472 3659; baseline 0.002 -16"><span class='ocrx_word' id='word_1_255' title='bbox 263 3611 291 3659; x_wconf 81' lang='lat'>13</span> <span class='ocrx_word' id='word_1_256' title='bbox 308 3593 387 3643; x_wconf 89' lang='lat' dir='ltr'>adiuti</span> <span class='ocrx_word' id='word_1_257' title='bbox 403 3609 420 3642; x_wconf 85' lang='lat' dir='ltr'>r</span> <span class='ocrx_word' id='word_1_258' title='bbox 549 3608 578 3653; x_wconf 86' lang='lat'>14</span> <span class='ocrx_word' id='word_1_259' title='bbox 594 3591 638 3656; x_wconf 90' lang='lat' dir='ltr'>qui</span> <span class='ocrx_word' id='word_1_260' title='bbox 649 3590 705 3654; x_wconf 65' lang='lat' dir='ltr'>(fiir</span> <span class='ocrx_word' id='word_1_261' title='bbox 720 3589 793 3655; x_wconf 83' lang='lat' dir='ltr'>quae)</span> <span class='ocrx_word' id='word_1_262' title='bbox 814 3587 871 3656; x_wconf 73' lang='grc' dir='ltr'>ΟἾ</span> <span class='ocrx_word' id='word_1_263' title='bbox 887 3592 1053 3643; x_wconf 80' lang='lat' dir='ltr'>conueniebat</span> <span class='ocrx_word' id='word_1_264' title='bbox 1071 3593 1093 3642; x_wconf 84' lang='lat' dir='ltr'><em>C</em></span> <span class='ocrx_word' id='word_1_265' title='bbox 1114 3593 1188 3654; x_wconf 77' lang='lat' dir='ltr'>(corr)</span> <span class='ocrx_word' id='word_1_266' title='bbox 1202 3591 1207 3658; x_wconf 93' lang='grc' dir='ltr'>Ι</span> <span class='ocrx_word' id='word_1_267' title='bbox 1222 3608 1281 3642; x_wconf 88' lang='lat' dir='ltr'>uere</span> <span class='ocrx_word' id='word_1_268' title='bbox 1300 3593 1332 3657; x_wconf 79' lang='lat' dir='ltr'>rl</span> <span class='ocrx_word' id='word_1_269' title='bbox 1348 3594 1418 3644; x_wconf 86' lang='lat' dir='ltr'>instr.</span> <span class='ocrx_word' id='word_1_270' title='bbox 1438 3596 1472 3645; x_wconf 90' lang='lat' dir='ltr'>de</span> 
     </span>
     <span class='ocr_line' id='line_1_31' title="bbox 259 3670 1473 3737; baseline 0.004 -14"><span class='ocrx_word' id='word_1_271' title='bbox 259 3689 327 3724; x_wconf 88' lang='lat' dir='ltr'>omn.</span> <span class='ocrx_word' id='word_1_272' title='bbox 350 3673 384 3721; x_wconf 87' lang='lat' dir='ltr'><em>H</em></span> <span class='ocrx_word' id='word_1_273' title='bbox 494 3686 524 3737; x_wconf 89' lang='lat'>19</span> <span class='ocrx_word' id='word_1_274' title='bbox 540 3670 588 3721; x_wconf 83' lang='lat' dir='ltr'>hac</span> <span class='ocrx_word' id='word_1_275' title='bbox 605 3671 800 3736; x_wconf 77' lang='lat' dir='ltr'>praescriptione</span> <span class='ocrx_word' id='word_1_276' title='bbox 817 3672 938 3737; x_wconf 86' lang='lat' dir='ltr'>epistolae</span> <span class='ocrx_word' id='word_1_277' title='bbox 957 3673 1023 3724; x_wconf 82' lang='lat' dir='ltr'>iacta</span> <span class='ocrx_word' id='word_1_278' title='bbox 1040 3691 1057 3723; x_wconf 86' lang='lat' dir='ltr'>r</span> <span class='ocrx_word' id='word_1_279' title='bbox 1171 3691 1201 3725; x_wconf 84' lang='lat'>22</span> <span class='ocrx_word' id='word_1_280' title='bbox 1218 3690 1235 3723; x_wconf 84' lang='lat' dir='ltr'>a</span> <span class='ocrx_word' id='word_1_281' title='bbox 1253 3692 1293 3724; x_wconf 87' lang='lat' dir='ltr'>am</span> <span class='ocrx_word' id='word_1_282' title='bbox 1314 3675 1349 3726; x_wconf 73' lang='grc' dir='ltr'>θ’</span> <span class='ocrx_word' id='word_1_283' title='bbox 1382 3677 1473 3728; x_wconf 83' lang='lat' dir='ltr'>solitus</span> 
     </span>
     <span class='ocr_line' id='line_1_32' title="bbox 261 3750 498 3818; baseline -0.013 -16"><span class='ocrx_word' id='word_1_284' title='bbox 261 3750 498 3818; x_wconf 73' lang='lat' dir='ltr'>(sarconsuetiulr</span> 
     </span>
    </p>
   </div>
   <div class='ocr_carea' id='block_1_10' title="bbox 260 3897 1475 4532">
    <p class='ocr_par' dir='ltr' id='par_1_13' title="bbox 294 3897 1473 3961">
     <span class='ocr_line' id='line_1_33' title="bbox 294 3897 1473 3961; baseline 0.004 -13"><span class='ocrx_word' id='word_1_285' title='bbox 294 3914 317 3949; x_wconf 81' lang='lat' dir='ltr'>a.</span> <span class='ocrx_word' id='word_1_286' title='bbox 353 3898 462 3948; x_wconf 70' lang='lat' dir='ltr'>membres</span> <span class='ocrx_word' id='word_1_287' title='bbox 476 3898 528 3959; x_wconf 88' lang='lat' dir='ltr'>sm]</span> <span class='ocrx_word' id='word_1_288' title='bbox 557 3897 812 3961; x_wconf 81' lang='lat' dir='ltr'>Ci11.p.37‚l.15.</span> <span class='ocrx_word' id='word_1_289' title='bbox 888 3906 1086 3961; x_wconf 70' lang='lat' dir='ltr'>para5seevv.</span> <span class='ocrx_word' id='word_1_290' title='bbox 1107 3901 1135 3950; x_wconf 89' lang='lat' dir='ltr'>ll.</span> <span class='ocrx_word' id='word_1_291' title='bbox 1169 3901 1291 3951; x_wconf 70' lang='lat' dir='ltr'>Thurin</span> <span class='ocrx_word' id='word_1_292' title='bbox 1313 3902 1356 3952; x_wconf 89' lang='lat' dir='ltr'>the</span> <span class='ocrx_word' id='word_1_293' title='bbox 1379 3918 1473 3952; x_wconf 86' lang='lat' dir='ltr'>corres-</span> 
     </span>
    </p>

    <p class='ocr_par' dir='ltr' id='par_1_14' title="bbox 261 3977 1475 4127">
     <span class='ocr_line' id='line_1_34' title="bbox 295 3977 1475 4050; baseline 0.003 -19"><span class='ocrx_word' id='word_1_294' title='bbox 295 3984 318 4031; x_wconf 86' lang='lat'>8.</span> <span class='ocrx_word' id='word_1_295' title='bbox 354 3979 479 4044; x_wconf 78' lang='lat' dir='ltr'>superare]</span> <span class='ocrx_word' id='word_1_296' title='bbox 495 3978 676 4043; x_wconf 62' lang='lat' dir='ltr'>Superamhv.</span> <span class='ocrx_word' id='word_1_297' title='bbox 690 3977 737 4041; x_wconf 83' lang='lat' dir='ltr'>lh),</span> <span class='ocrx_word' id='word_1_298' title='bbox 751 3977 840 4042; x_wconf 80' lang='lat' dir='ltr'>iigen·</span> <span class='ocrx_word' id='word_1_299' title='bbox 890 3982 1004 4047; x_wconf 84' lang='lat' dir='ltr'>ponding</span> <span class='ocrx_word' id='word_1_300' title='bbox 1023 3992 1140 4033; x_wconf 83' lang='lat' dir='ltr'>sentence</span> <span class='ocrx_word' id='word_1_301' title='bbox 1158 3983 1188 4034; x_wconf 81' lang='lat' dir='ltr'>of</span> <span class='ocrx_word' id='word_1_302' title='bbox 1206 3983 1246 4034; x_wconf 89' lang='lat' dir='ltr'>his</span> <span class='ocrx_word' id='word_1_303' title='bbox 1261 4000 1314 4050; x_wconf 80' lang='lat' dir='ltr'>arg.</span> <span class='ocrx_word' id='word_1_304' title='bbox 1333 3984 1380 4034; x_wconf 79' lang='lat' dir='ltr'>has</span> <span class='ocrx_word' id='word_1_305' title='bbox 1399 3982 1475 4044; x_wconf 76' lang='grc' dir='ltr'>ὁτῆς</span> 
     </span>
     <span class='ocr_line' id='line_1_35' title="bbox 261 4062 1126 4127; baseline 0.003 -15"><span class='ocrx_word' id='word_1_306' title='bbox 261 4064 329 4120; x_wconf 84' lang='lat' dir='ltr'>uine.</span> <span class='ocrx_word' id='word_1_307' title='bbox 342 4062 362 4112; x_wconf 86' lang='lat' dir='ltr'>is</span> <span class='ocrx_word' id='word_1_308' title='bbox 375 4062 504 4112; x_wconf 86' lang='lat' dir='ltr'>doubtless</span> <span class='ocrx_word' id='word_1_309' title='bbox 514 4076 530 4109; x_wconf 83' lang='lat' dir='ltr'>a</span> <span class='ocrx_word' id='word_1_310' title='bbox 541 4062 676 4124; x_wconf 88' lang='lat' dir='ltr'>deponent.</span> <span class='ocrx_word' id='word_1_311' title='bbox 891 4065 1029 4114; x_wconf 73' lang='grc' dir='ltr'>συντελείας</span> <span class='ocrx_word' id='word_1_312' title='bbox 1039 4063 1126 4127; x_wconf 74' lang='grc' dir='ltr'>καιρός.</span> 
     </span>
    </p>

    <p class='ocr_par' dir='ltr' id='par_1_15' title="bbox 260 4143 1475 4532">
     <span class='ocr_line' id='line_1_36' title="bbox 295 4143 1475 4212; baseline 0.002 -18"><span class='ocrx_word' id='word_1_313' title='bbox 295 4161 319 4212; x_wconf 86' lang='lat'>9.</span> <span class='ocrx_word' id='word_1_314' title='bbox 368 4143 588 4194; x_wconf 80' lang='lat' dir='ltr'>consummationes</span> <span class='ocrx_word' id='word_1_315' title='bbox 621 4143 769 4207; x_wconf 78' lang='lat' dir='ltr'>temporum]</span> <span class='ocrx_word' id='word_1_316' title='bbox 815 4145 842 4193; x_wconf 82' lang='lat' dir='ltr'>al</span> <span class='ocrx_word' id='word_1_317' title='bbox 927 4158 963 4209; x_wconf 67' lang='lat' dir='ltr'>ro</span> <span class='ocrx_word' id='word_1_318' title='bbox 992 4145 1217 4210; x_wconf 56' lang='lat' dir='ltr'>praescnptzanem,</span> <span class='ocrx_word' id='word_1_319' title='bbox 1241 4145 1300 4208; x_wconf 75' lang='lat' dir='ltr'>dre]</span> <span class='ocrx_word' id='word_1_320' title='bbox 1335 4145 1374 4195; x_wconf 82' lang='lat' dir='ltr'>Cf.</span> <span class='ocrx_word' id='word_1_321' title='bbox 1398 4145 1475 4196; x_wconf 86' lang='lat' dir='ltr'>Th’s</span> 
     </span>
     <span class='ocr_line' id='line_1_37' title="bbox 262 4223 1474 4289; baseline 0.002 -13"><span class='ocrx_word' id='word_1_322' title='bbox 262 4225 576 4276; x_wconf 72' lang='lat' dir='ltr'>amreheimrrivaldvm?</span> <span class='ocrx_word' id='word_1_323' title='bbox 609 4223 649 4274; x_wconf 87' lang='lat' dir='ltr'>Cl.</span> <span class='ocrx_word' id='word_1_324' title='bbox 664 4240 674 4273; x_wconf 88' lang='lat'>1</span> <span class='ocrx_word' id='word_1_325' title='bbox 689 4225 746 4275; x_wconf 92' lang='lat' dir='ltr'>Cor.</span> <span class='ocrx_word' id='word_1_326' title='bbox 761 4242 784 4275; x_wconf 88' lang='lat' dir='ltr'>x.</span> <span class='ocrx_word' id='word_1_327' title='bbox 802 4242 840 4284; x_wconf 84' lang='lat'>11,</span> <span class='ocrx_word' id='word_1_328' title='bbox 891 4242 982 4277; x_wconf 89' lang='lat' dir='ltr'>comm.</span> <span class='ocrx_word' id='word_1_329' title='bbox 1007 4242 1041 4276; x_wconf 90' lang='lat' dir='ltr'>on</span> <span class='ocrx_word' id='word_1_330' title='bbox 1066 4243 1077 4277; x_wconf 89' lang='lat'>1</span> <span class='ocrx_word' id='word_1_331' title='bbox 1102 4228 1191 4278; x_wconf 86' lang='lat' dir='ltr'>Thess.</span> <span class='ocrx_word' id='word_1_332' title='bbox 1220 4227 1236 4278; x_wconf 81' lang='lat' dir='ltr'>i</span> <span class='ocrx_word' id='word_1_333' title='bbox 1271 4243 1293 4289; x_wconf 89' lang='lat' dir='ltr'>r,</span> <span class='ocrx_word' id='word_1_334' title='bbox 1323 4227 1373 4277; x_wconf 84' lang='lat' dir='ltr'>and</span> <span class='ocrx_word' id='word_1_335' title='bbox 1399 4237 1474 4279; x_wconf 85' lang='lat' dir='ltr'>notes</span> 
     </span>
     <span class='ocr_line' id='line_1_38' title="bbox 260 4303 968 4368; baseline 0 -11"><span class='ocrx_word' id='word_1_336' title='bbox 260 4308 294 4357; x_wconf 76' lang='grc' dir='ltr'>,τὰ</span> <span class='ocrx_word' id='word_1_337' title='bbox 320 4309 380 4368; x_wconf 74' lang='grc' dir='ltr'>τέλη</span> <span class='ocrx_word' id='word_1_338' title='bbox 401 4304 449 4357; x_wconf 75' lang='grc' dir='ltr'>τῶν</span> <span class='ocrx_word' id='word_1_339' title='bbox 474 4303 572 4364; x_wconf 72' lang='grc' dir='ltr'>αἰώνων,</span> <span class='ocrx_word' id='word_1_340' title='bbox 592 4306 660 4355; x_wconf 88' lang='lat' dir='ltr'>Heb.</span> <span class='ocrx_word' id='word_1_341' title='bbox 680 4306 713 4357; x_wconf 85' lang='lat' dir='ltr'>ix.</span> <span class='ocrx_word' id='word_1_342' title='bbox 736 4307 776 4364; x_wconf 73' lang='lat'>26,</span> <span class='ocrx_word' id='word_1_343' title='bbox 799 4309 841 4358; x_wconf 71' lang='grc' dir='ltr'>ἐπὶ</span> <span class='ocrx_word' id='word_1_344' title='bbox 891 4306 968 4357; x_wconf 87' lang='lat' dir='ltr'>there.</span> 
     </span>
     <span class='ocr_line' id='line_1_39' title="bbox 262 4383 1473 4452; baseline -0.002 -16"><span class='ocrx_word' id='word_1_345' title='bbox 262 4388 387 4448; x_wconf 75' lang='grc' dir='ltr'>συντελείᾳ</span> <span class='ocrx_word' id='word_1_346' title='bbox 409 4384 457 4435; x_wconf 76' lang='grc' dir='ltr'>τῶν</span> <span class='ocrx_word' id='word_1_347' title='bbox 472 4383 570 4434; x_wconf 72' lang='grc' dir='ltr'>αἰώνων.</span> <span class='ocrx_word' id='word_1_348' title='bbox 604 4386 654 4435; x_wconf 87' lang='lat' dir='ltr'>But</span> <span class='ocrx_word' id='word_1_349' title='bbox 671 4386 779 4452; x_wconf 86' lang='lat' dir='ltr'>perhaps</span> <span class='ocrx_word' id='word_1_350' title='bbox 797 4388 840 4438; x_wconf 84' lang='lat' dir='ltr'>the</span> <span class='ocrx_word' id='word_1_351' title='bbox 925 4402 964 4436; x_wconf 81' lang='lat' dir='ltr'>aa.</span> <span class='ocrx_word' id='word_1_352' title='bbox 996 4403 1014 4435; x_wconf 89' lang='lat' dir='ltr'>a</span> <span class='ocrx_word' id='word_1_353' title='bbox 1031 4387 1177 4451; x_wconf 69' lang='lat' dir='ltr'>gratiamm</span> <span class='ocrx_word' id='word_1_354' title='bbox 1196 4385 1300 4449; x_wconf 74' lang='lat' dir='ltr'>actam]</span> <span class='ocrx_word' id='word_1_355' title='bbox 1325 4384 1366 4437; x_wconf 83' lang='lat' dir='ltr'>ef.</span> <span class='ocrx_word' id='word_1_356' title='bbox 1390 4397 1408 4436; x_wconf 88' lang='lat'>1.</span> <span class='ocrx_word' id='word_1_357' title='bbox 1427 4401 1473 4452; x_wconf 88' lang='lat' dir='ltr'>pp.</span> 
     </span>
     <span class='ocr_line' id='line_1_40' title="bbox 262 4465 1341 4532; baseline 0.003 -16"><span class='ocrx_word' id='word_1_358' title='bbox 262 4467 369 4531; x_wconf 84' lang='lat' dir='ltr'>original</span> <span class='ocrx_word' id='word_1_359' title='bbox 376 4465 479 4530; x_wconf 81' lang='lat' dir='ltr'>reading</span> <span class='ocrx_word' id='word_1_360' title='bbox 489 4480 540 4515; x_wconf 87' lang='lat' dir='ltr'>was</span> <span class='ocrx_word' id='word_1_361' title='bbox 554 4467 771 4516; x_wconf 79' lang='lat' dir='ltr'>canmnmralianis</span> <span class='ocrx_word' id='word_1_362' title='bbox 781 4473 838 4517; x_wconf 65' lang='lat' dir='ltr'>kar·</span> <span class='ocrx_word' id='word_1_363' title='bbox 893 4484 919 4519; x_wconf 84' lang='lat' dir='ltr'>rr</span> <span class='ocrx_word' id='word_1_364' title='bbox 924 4481 947 4531; x_wconf 83' lang='lat'>3,</span> <span class='ocrx_word' id='word_1_365' title='bbox 959 4468 976 4518; x_wconf 88' lang='lat' dir='ltr'>l.</span> <span class='ocrx_word' id='word_1_366' title='bbox 990 4481 1029 4532; x_wconf 72' lang='lat'>23,</span> <span class='ocrx_word' id='word_1_367' title='bbox 1042 4477 1116 4529; x_wconf 85' lang='lat' dir='ltr'>note;</span> <span class='ocrx_word' id='word_1_368' title='bbox 1135 4484 1190 4526; x_wconf 76' lang='lat' dir='ltr'>rao,</span> <span class='ocrx_word' id='word_1_369' title='bbox 1205 4468 1223 4520; x_wconf 83' lang='lat'>1.</span> <span class='ocrx_word' id='word_1_370' title='bbox 1236 4488 1260 4531; x_wconf 86' lang='lat'>4,</span> <span class='ocrx_word' id='word_1_371' title='bbox 1274 4476 1341 4519; x_wconf 85' lang='lat' dir='ltr'>note.</span> 
     </span>
    </p>
   </div>
   <div class='ocr_carea' id='block_1_11' title="bbox 0 0 1589 5100">
    <p class='ocr_par' dir='ltr' id='par_1_16' title="bbox 0 0 1589 5100">
     <span class='ocr_line' id='line_1_41' title="bbox 0 0 1589 5100; baseline 0 0"><span class='ocrx_word' id='word_1_372' title='bbox 0 0 1589 5100; x_wconf 95' lang='lat' dir='ltr'> </span> 
     </span>
    </p>
   </div>
  </div>
 </body>
</html>
