3142 5100
271 398 317 452 1⁴·
323 401 743 457 RAGMENTS
788 401 883 457 oF
928 402 1083 457 THE
1129 402 1523 458 DOGMATIC
1566 401 1834 458 WORKS
1881 405 1977 460 OF
2021 403 2447 462 THEODORE-
2523 416 2647 480 32?

214 574 511 638 Chris-tus
549 579 851 641 secundum
898 599 1148 655 carnem,
1191 581 1305 658 qui
1333 587 1421 641 est
1454 587 1625 658 super
1657 581 1853 642 omnia
1887 579 2102 641 Deus*
2119 604 2144 650 ,·
2196 599 2322 641 non
2365 584 2527 660 quod
2579 600 2643 640 επ

207 675 474 737 Iudaeis
515 686 574 737 et
615 679 946 739 secundum
989 696 1229 739 carnem
1272 687 1379 752 est,
1416 677 1521 754 qui
1563 696 1743 756 super
1782 677 1985 739 omnia
2026 679 2196 740 Deus
2237 689 2344 753 est,
2383 684 2483 740 sea]
2535 680 2647 736 hnc

205 774 479 851 quidem
514 779 593 838 ad
630 778 1083 857 significandam
1123 780 1450 838 humanam
1492 788 1766 838 naturam
1804 775 1970 850 dixit,
2001 797 2183 856 quam
2211 778 2288 838 ab
2319 778 2647 838 Isi-sulum]

203 890 447 950 genere
468 895 598 936 esse
620 876 844 938 sciebat
854 901 871 953 ;
904 876 1050 937 illud
1074 887 1273 937 autem
1295 877 1374 936 ad
1393 877 1832 937 ostendendam
1856 876 2124 937 diuinam
2145 888 2431 952 naturam,
2467 900 2643 952 [31:212]

205 990 403 1050 supra
434 974 639 1035 omnia
664 985 726 1036 et
752 974 1032 1036 omnibus
1066 974 1477 1035 dominantem
1507 973 1749 1035 sciebat.
2711 1000 2743 1056 5

208 1163 380 1248 [Act.
435 1169 622 1230 Conc-
669 1170 789 1232 CP.
838 1169 893 1230 ii.
944 1187 1018 1229 ιν.
1060 1189 1131 1247 31
1186 1171 1251 1249 (“
1269 1169 1538 1231 eiusdem
1583 1170 1662 1231 de
1706 1168 2195 1248 interpretatione
2238 1170 2489 1248 symhffli
2539 1188 2643 1228 m*-

386 1278 704 1328 centorum
765 1270 980 1330 decem
1038 1280 1100 1330 et
1163 1281 1305 1331 octo
1366 1280 1713 1331 sanctorum
1773 1269 2094 1349 patrum’').
2198 1267 2327 1348 Vig.
2377 1292 2443 1348 31
2503 1277 2561 1336 {⁶
2585 1272 2595 1328 ,ἰ
2607 1292 2639 1328 11

385 1365 762 1443 expositione
790 1385 946 1445 quae
975 1370 1052 1429 de
1081 1369 1356 1446 symbolo
1384 1384 1664 1429 cccxvm
1693 1379 1935 1446 patrum
1959 1368 2121 1429 facta
2146 1366 2378 1428 uidetur
2391 1368 2487 1448 Ἢ.

339 1515 468 1575 Sed
520 1520 535 1547 ‘
554 1515 859 1577 Christum
880 1519 894 1546 '
939 1517 1185 1595 quidem
1239 1518 1573 1579 secundum
1623 1536 1866 1578 carnem
1932 1526 1993 1578 et
2046 1516 2427 1593 adsumptam
2491 1520 2643 1576 snt-rm

206 1613 494 1688 formam,
551 1634 692 1675 eum
761 1625 960 1677 autem
1029 1615 1132 1694 qui
1187 1635 1322 1677 eam
1376 1615 1711 1694 adsumpsit
1771 1620 1983 1693 ‘super
2036 1614 2270 1676 omnia'
2325 1620 2643 1674 nonur·÷.2r]s

211 1714 500 1787 ‘Deum‚’
537 1713 738 1775 intulit
773 1724 974 1776 tamen
1008 1715 1126 1775 hoc
1164 1715 1495 1776 secundum
1534 1712 2023 1775 coniunctionem
2043 1733 2062 1787 3
2105 1723 2171 1773 ut
2204 1732 2313 1791 per
2352 1712 2639 1792 &guimari-

206 1808 448 1872 tionem
476 1812 793 1873 nominum
821 1824 1161 1873 naturarum
1190 1812 1564 1873 manifestam
1594 1811 1955 1873 diuisionem
1982 1809 2176 1871 faciat.
2262 1829 2439 1872 nemo
2475 1812 2643 1888 igum-

211 1927 420 1986 neque
478 1929 621 1970 eum
675 1910 776 1989 qui
831 1912 1165 1972 secundum
1218 1918 1459 1972 carnem
1503 1930 1580 1972 ex
1634 1909 1877 1971 Iudaeis
1919 1921 2009 1971 est
2052 1909 2215 1970 dicat
2259 1911 2475 1980 Deum,
2531 1932 2639 1968 nm:

2675 1956 2743 1992 m

210 2006 436 2068 iterum
467 2014 483 2042 ‘
506 2011 705 2070 Deum
735 2009 841 2087 qui
866 2019 959 2070 est
986 2028 1164 2087 super
1190 2009 1425 2070 omnia'
1454 2010 1787 2070 secundum
1816 2027 2060 2068 carnem
2087 2026 2162 2068 ex
2191 2008 2447 2068 Iudaeis.

697 2138 1253 2204 8utpersign.0mC

1515 2154 1575 2189 10
1608 2155 1701 2189 nec
1723 2139 1778 2188 it.
1805 2139 1975 2189 Deum
1996 2154 2074 2190 om
2110 2139 2162 2188 V

216 2316 389 2401 [Gr.,
417 2331 510 2399 ap.
542 2323 675 2383 Act.
709 2324 896 2385 Cone.
934 2324 1087 2401 Eph.
1121 2341 1199 2383 vl.
1235 2323 1367 2385 ἴσον
1393 2329 1495 2401 τῆς
1524 2322 1800 2387 ἐκθέσεως
1823 2325 1925 2384 τοῦ
1951 2323 2463 2401 παραπλασθέντῡς
2505 2352 2639 2400 ττι-μ-

384 2417 589 2497 βόλου.
669 2424 827 2496 Lat„
855 2433 947 2501 ap.
984 2424 1133 2481 Mar.
1170 2425 1353 2483 Merc-
1391 2421 1761 2502 (“expositio
1798 2441 2017 2500 prauae
2059 2421 2200 2484 fidei
2236 2424 2639 2492 Theod÷‘,·=·t²*];

384 2522 457 2581 ef.
483 2523 616 2582 Act.
645 2521 831 2583 Cone.
860 2521 1143 2584 Cbalced.
1171 2540 1209 2583 1.
1225 2543 1245 2598 3
1287 2524 1418 2583 Act.
1456 2522 1643 2583 Cone.
1680 2523 1800 2585 CP.
1832 2519 1888 2582 ii.
1925 2539 2002 2582 iv.
2037 2521 2455 2603 (“sceleratum
2491 2548 2639 2600 syn-n*

383 2620 592 2681 bolum
619 2619 788 2699 impii
815 2620 1213 2701 Theodori'’).
1301 2624 1390 2685 Cf.
1426 2622 1712 2700 Lagarde,
1743 2641 1800 2699 p.
1840 2624 1951 2683 106
1982 2635 2099 2701 sq„¹
2122 2624 2374 2698 Sachau,
2407 2644 2459 2701 p.
2499 2624 2615 2705 [m]

297 2768 446 2832 Τοῦς
483 2767 522 2846 ἢ
563 2773 661 2831 νῦν
699 2774 922 2848 πρῶτον
951 2770 1380 2850 παιδευομένους

208 2879 328 2936 τῶν
395 2879 877 2953 ἑκκλησιαστικῶν
930 2877 1222 2961 δογμάτων
1273 2877 1381 2955 τήν

210 2980 533 3059 ἀκρίβειαν,
551 2981 588 3058 ἢ
613 2984 672 3043 ἔκ
690 3008 840 3046 τινος
860 2984 1140 3061 αἱρετικῆς
1158 2983 1379 3061 πλάνης

208 3088 605 3166 μεθίστασθαι
671 3088 1056 3167 βουλομένους
1123 3090 1217 3150 ἐπὶ
1274 3089 1379 3167 τὴν

147 3208 181 3270 5
211 3194 509 3273 ἀλήθειαν,
572 3195 940 3258 διδάσκεσθαι
1008 3195 1232 3274 ὀφείλει
1286 3199 1380 3258 καὶ

210 3303 520 3384 ὁμολογεῖν
535 3301 623 3364 ὅτι
648 3302 990 3381 πιστεύομεν
1010 3308 1085 3369 εἰς
1113 3305 1209 3364 ἕνα
1230 3304 1375 3382 θεόν,

210 3411 435 3487 πατέρα
453 3410 646 3487 ἀΐδιον,
671 3409 789 3473 οὔθ’
808 3411 1046 3491 ὕστερον
1066 3410 1377 3490 ἀρξάμενον

208 3521 317 3578 τοῦ
373 3517 512 3580 εἶναι
562 3516 696 3578 ἀλλ’
750 3518 962 3603 ᾆνωθεν
1013 3518 1149 3580 ὄντα
1195 3519 1378 3581 ἀΐδιον

215 3621 367 3700 θεόν,
428 3623 554 3685 οὔτε
619 3626 735 3703 μήν
799 3624 1040 3704 ὕστερον
1104 3626 1378 3708 γεγονότα

111 3770 187 3810 10
212 3741 449 3819 πατέρα,
488 3740 784 3819 ἐπειδήπερ
822 3739 910 3801 ἀεὶ
950 3740 1073 3804 θεός
1098 3767 1161 3803 τε
1186 3738 1258 3818 ἦν
1284 3742 1379 3803 καὶ

211 3854 418 3933 πατήρ.
502 3853 846 3933 πιστεύομεν
898 3854 961 3915 δὲ
1016 3855 1109 3917 καὶ
1158 3858 1233 3920 εἶς
1280 3856 1377 3917 ἕνα

216 3975 354 4036 θεοῦ
399 3972 522 4037 υἶόν
572 3976 855 4055 μονογενῆ
911 3978 971 4034 ἐκ
1024 3976 1127 4050 τῆς
1180 3972 1378 4039 οὐσίας

212 4088 351 4152 ὅντα
384 4094 487 4168 τῆς
513 4089 787 4171 πατρῴας,
816 4088 985 4153 ὅντως
1010 4089 1133 4151 υἶόν
1159 4091 1252 4151 καὶ
1276 4093 1378 4168 τῆς

210 4205 383 4283 αι’πῆς
438 4206 637 4272 οὐσίας
682 4205 818 4268 ὄντα
862 4203 1034 4286 οὗπέρ
1079 4211 1233 4268 ἐστιν
1282 4208 1377 4268 καὶ

110 4340 181 4402 15
207 4319 541 4384 πιστεύεται
585 4318 715 4383 υἱός.
800 4317 894 4380 καὶ
935 4321 1011 4384 εἷς
1049 4317 1117 4381 τί
1155 4321 1376 4397 πνεῦμα

340 4469 370 4520 5
406 4453 644 4518 προσήκει
667 4451 784 4517 (for
801 4453 1006 4515 ὀφείλει)
1026 4452 1128 4503 cod.
1151 4452 1275 4502 Par.

1561 2753 1683 2830 Qui
1730 2772 1895 2814 nunc
1935 2754 2192 2832 primum
2233 2754 2296 2815 in
2339 2757 2639 2815 eccla-siss-

1478 2854 1612 2916 ticis
1640 2853 1992 2914 erudiuntur
2010 2852 2391 2929 dogmatibus
2411 2857 2463 2909 Ji.
2479 2877 2527 2929 μ]
2543 2857 2591 2913 [d
2603 2877 2639 2913 ει

1477 2949 1932 3028 cognoscendis,
2008 2960 2112 3009 aut
2182 2951 2260 3009 ab
2341 2950 2579 3009 hamm-
2603 2973 2639 3009 1]

1479 3068 1673 3110 errore
1702 3047 1973 3109 conuerti
1995 3046 2369 3108 decreuerint
2399 3053 2471 3105 ad
2499 3073 2563 3105 m,-
2579 3053 2615 3105 r·1'
2627 3089 2639 3093 -

1477 3158 1681 3221 tatem,
1712 3145 1915 3207 doceri
1950 3164 2055 3206 eos
2088 3155 2325 3223 oportet
2353 3149 2635 3223 qum-mm

1476 3242 1777 3304 credimus
1816 3241 1880 3302 in
1918 3260 2106 3302 unum
2144 3244 2362 3315 Deum,
2403 3245 2635 3301 Fatum

1477 3340 1925 3419 sempiternum,
1955 3358 2082 3401 non
2115 3339 2219 3417 qui
2247 3349 2443 3417 postm
2455 3361 2503 3397 [a
2515 3341 2527 3394 1
2539 3361 2567 3397 ῃ
2583 3361 2635 3397 m

1476 3436 1743 3513 coeperit
1759 3445 1828 3496 ut
1847 3444 2020 3509 esset,
2048 3434 2155 3496 sed
2172 3432 2279 3512 qui
2296 3433 2374 3492 ab
2395 3449 2591 3493 annm
2603 3453 2639 3493 a]

1475 3532 1551 3593 sit
1621 3532 2019 3611 sempiternus
2089 3532 2277 3604 Deu5‚
2346 3550 2459 3593 nec
2535 3533 2636 3605 qni

1475 3642 1688 3709 postea
1741 3632 1934 3691 factus
1981 3629 2058 3691 sit
2116 3631 2307 3704 Pater,
2353 3629 2635 3709 (lumniam
2667 3625 2691 3637 “

1475 3749 1714 3808 semper
1769 3741 1895 3791 erat
1956 3729 2144 3802 DeuS,
2218 3748 2451 3806 semper
2515 3741 2639 3785 crat

1476 3830 1667 3889 Pater.
1713 3826 2010 3888 credimus
2030 3837 2091 3887 et
2112 3826 2173 3886 in
2202 3845 2387 3886 unum
2423 3829 2631 3885 Filium

1476 3924 1597 3987 Dei
1642 3925 2032 4003 unigenitum,
2080 3925 2184 4001 qui
2234 3935 2326 3985 est
2374 3925 2451 3985 de
2507 3929 2637 3981 sni}-

1475 4024 1809 4086 stantia‘uel
1828 4023 2086 4085 essentia
2105 4024 2315 4099 Patris,
2326 4034 2503 4098 tamq-
2519 4045 2631 4081 sam
2667 4085 2691 4105 ἡ

1472 4142 1612 4183 uere
1641 4121 1796 4182 filius
1815 4131 1873 4182 et
1897 4120 2165 4182 eiusdem
2187 4121 2479 4181 essentiae*
2499 4141 2631 4181 san-n

1473 4222 1578 4283 illo
1608 4221 1775 4281 cuius
1804 4232 1897 4283 est
1923 4231 1985 4281 et
2011 4219 2269 4283 creditur
2296 4240 2427 4282 esse
2467 4225 2515 4281 ᾗ]
2531 4225 2631 4281 ius,

1475 4330 1535 4381 et
1577 4318 1640 4380 in
1673 4317 1955 4399 Spiritum
1993 4330 2284 4396 sanctum,
2317 4321 2419 4398 qui
2455 4325 2527 4381 sit
2559 4325 2631 4381 de

2675 3109 2735 3165 ἶ5

1565 4450 1627 4502 26
1660 4450 1714 4501 in
1736 4451 1788 4503 id
1811 4451 1947 4518 quod
1970 4459 2046 4503 est
2071 4449 2184 4515 (for
2202 4467 2316 4502 eum
2338 4450 2427 4502 iun
2447 4469 2487 4501 ε,
2515 4454 2579 4513 u.)
2607 4457 2631 4501 esa

1232 4530 1263 4558 ⁵
1299 4532 1450 4583 Rom.
1473 4531 1538 4581 ix.
1569 4546 1617 4596 5.
